5038 5975
1102 484 1203 577 ⁶4
1922 468 3668 574 Lucrionss'Arrchn

704 681 936 761 §acuo
992 682 1046 748 1·
1114 685 1482 760 ditionem
1541 686 1867 761 Siculam
1930 688 2174 763 fuerat
2240 688 2533 765 missus'.
2639 694 2780 764 Hic
2843 718 3024 767 vero
3091 695 3505 769 Arimnesti
3566 691 3973 768 Archontis
4035 717 4282 771 annus
4332 720 4510 781 cum

784 763 842 843 3
892 782 983 869 ¹.¹
1114 809 1400 882 incidat
1470 812 1551 881 in
1619 812 2088 913 Olympiadis
2147 816 2370 885 XCI⁸⁸
2434 838 2728 887 annum
2787 819 3126 915 primum
3160 870 3181 907 ,
3259 819 3660 919 sequitur,
3739 816 3938 889 hanc
3995 817 4079 889 in
4127 818 4501 913 judicium

1112 957 1446 1005 caussam
1500 934 1901 1009 deductam
1954 934 2177 1009 fuisse
2225 939 2436 1036 (10),
2505 939 2800 1011 Chione
2847 938 2967 1010 vel
3022 941 3440 1013 Timocrate
3503 940 3890 1014 Archonte
3921 990 3944 1029 ,
4015 938 4505 1039 Olympiados

1107 1061 1339 1128 (311120
1398 1034 1945 1157 anno-'quarto
1992 1059 2111 1131 vel
2186 1066 2410 1135 Clvae
2471 1065 2752 1163 primo.
2857 1067 3021 1133 Jam
3076 1078 3328 1134 autem
3382 1065 3849 1161 argumentis
3881 1115 3903 1152 ,
3957 1086 4152 1160 quae
4210 1065 4504 1137 nemini

1107 1182 1293 1256 levia
1351 1181 1851 1271 videbuntur,
1906 1181 2123 1255 docte
2174 1182 2381 1257 haud
2427 1188 2685 1258 minus
2735 1209 2966 1284 quam
3022 1200 3237 1257 acute
3291 1190 3838 1260 Garaxznus
3891 1182 4047 1280 (11)
4097 1185 4499 1286 probavit,

1078 1310 1639 1379 Terentianum
1694 1304 2231 1378 Phormionem
2305 1334 2457 1383 esse
2502 1307 2859 1381 Fabulam
2909 1305 3436 1403 Διαβάλλοπος,
3498 1335 3715 1407 cujus
3758 1318 4146 1399 auctorem
4209 1333 4298 1378 ex
4338 1314 4502 1381 Sto-

742 1426 1280 1501 Aaasstambaeo
1356 1444 1431 1502 et
1497 1426 1799 1501 Polluce
1850 1427 2395 1527 Apollodorum
2460 1434 2884 1531 carystium
2951 1435 3330 1509 novimus.
3452 1433 3624 1503 Fuit
3686 1451 3918 1529 porro
3991 1426 4505 1526 Apollodorus

670 1502 1067 1643 gfotssaeiori
1088 1553 1509 1656 Carystius
1530 1575 1768 1623 novae
1820 1550 2268 1624 Comoediae
2327 1559 2593 1644 Poeta,
2647 1578 2878 1651 quem
2931 1578 3167 1652 aeque
3225 1578 3311 1625 ac
3377 1551 3912 1650 cognominem
3962 1548 4288 1622 Geloum
4335 1553 4500 1623 Viri

667 1662 769 1721 Fa
813 1665 947 1725 ¹⁴²⁰·
1089 1676 1311 1747 Docti
1350 1671 1691 1746 referunt
1726 1672 1818 1744 ad
1850 1673 2254 1747 Menandri
2281 1689 2644 1759 aetatem,
2669 1674 3006 1776 adeoque
3041 1678 3245 1751 inter
3270 1671 3720 1772 Olympiada
3760 1676 4013 1745 mem
4036 1687 4111 1746 et
4139 1676 4489 1746 CXXmm.

1088 1798 1376 1895 Igitur,
1453 1821 1697 1894 quum
1757 1795 1852 1867 ab
1902 1799 2084 1867 Isaei
2139 1811 2375 1869 aetate
2440 1821 2602 1868 non
2660 1797 2994 1881 multum
3054 1795 3373 1870 abfuisse
3422 1795 3769 1869 videatur
3801 1848 3824 1884 ,
3899 1799 4016 1870 uti
4065 1820 4214 1870 uec
4269 1794 4495 1895 longe

1083 1920 1181 1993 ab
1249 1918 1333 1990 ea
1409 1916 1651 1991 abfuit
1710 1915 2155 2007 Philemon,
2243 1918 2647 1992 Menandri
2715 1917 3048 2015 aequalis
3078 1972 3099 2009 ,
3192 1943 3282 1991 ex
3339 1919 3555 2017 cujus
3610 1916 3898 2018 Ε’μπὸρῳ
3959 1919 4494 2001 Mercator-em

1082 2064 1279 2143 pene
1340 2057 1588 2115 totum
1650 2039 2087 2113 desumtum
2150 2066 2350 2132 esse,
2422 2044 2583 2141 ipse
2651 2047 3068 2115 PLAnTus
3141 2041 3346 2113 testis
3411 2055 3559 2115 est.

1772 2264 2075 2341 Graece
2116 2264 2325 2340 haec
2378 2288 2724 2346 vocatur
2772 2279 2830 2347 E
2845 2301 2965 2351 MP
2979 2300 3026 2348 o
3045 2300 3090 2353 ιι
3106 2300 3151 2345 o
3166 2299 3201 2347 s
3247 2270 3791 2359 Philemoni-52·

1760 2386 2067 2461 Eadem
2116 2389 2409 2463 Latine
2449 2399 2530 2466 Μ
2549 2422 2650 2468 En
2670 2423 2712 2469 c
2730 2423 2954 2470 arou
3001 2397 3272 2470 Marci
3309 2393 3546 2467 Accii
3568 2419 3599 2483 ,·

1079 2612 1451 2687 conficere
1507 2639 1595 2685 ex
1647 2614 1769 2687 his
1824 2613 2185 2691 omnibus
2230 2615 2419 2689 ‹licet
2452 2672 2474 2705 ,
2554 2619 2699 2689 isto
2759 2615 3023 2689 saltem
3097 2641 3281 2690 aevo
3344 2611 3649 2714 δηαμάας
3715 2612 4150 2701 licentiam,
4224 2616 4286 2687 si
4348 2637 4490 2685 un·

1080 2758 1310 2835 quam
1378 2735 1640 2825 suerit,
1703 2736 2018 2810 Athenis
2074 2735 2301 2811 fuisse
2363 2738 2765 2813 sublatam.

1175 2861 1584 2931 Enimvero
1640 2858 2079 2950 instabunt,
2133 2864 2269 2960 qui
2316 2864 2783 2962 Hieronymo
2828 2850 3173 2953 Rhodio,
3229 2869 3540 2963 Sater,
3595 2864 4058 2958 caeterisque
4110 2860 4488 2955 Peripate-

1083 2999 1181 3054 tn
1190 3009 1289 3072 15,
1345 2980 1599 3055 favent
1646 2985 1991 3073 Patroni,
2047 3024 2140 3041 -
2203 2986 2637 3078 instabunt,
2694 3015 2792 3062 ne
2841 2991 2962 3062 isti
3009 2986 3247 3059 malae
3289 2984 3469 3057 fidei
3525 2982 3748 3078 culpa
3797 2994 4215 3078 arguantur
4247 3032 4268 3068 ,
4348 3003 4480 3049 an·

1012 3147 1017 3152 ·
1083 3109 1491 3203 tiquiorem
1551 3129 1705 3178 csse
1764 3109 2077 3200 Legem,
2146 3129 2397 3202 neque
2444 3105 2642 3176 ultra
2700 3107 2992 3177 Bellum
3044 3104 3763 3203 Peloponnesiacum
3811 3099 4280 3202 perdurasse.
4337 3104 4481 3172 ·At

664 3214 1063 3350 ”gydglnemgz
1084 3254 1278 3327 quc,
1334 3253 1658 3328 quaeso,
1734 3251 1979 3312 ann0,
2046 3251 2203 3323 quo
2258 3243 2607 3323 rogante,
2663 3251 2818 3326 quo
2875 3225 3238 3299 suadente
3279 3223 3427 3298 fuit
3489 3224 3895 3321 abrogata?
3963 3225 4153 3315 Quis
4195 3221 4289 3295 de
4345 3225 4479 3320 ista

640 3307 667 3347 ἱ
651 3315 981 3444 mgna-<523
1085 3350 1567 3448 abrogatione
1612 3347 1989 3436 testatur?
2060 3349 2232 3445 quis
2278 3350 2734 3439 Ilistoricus‚
2790 3351 2960 3448 quis
3009 3350 3332 3421 Orator?
3406 3346 3721 3420 Idemne
3784 3344 3878 3416 de
3935 3345 4471 3443 abrogatione,

649 3450 856 3530 Legis.
967 3534 981 3550 ,
1032 3543 1039 3552 ,
1084 3498 1167 3545 ac
1197 3405 1309 3544 deo
1318 3473 1598 3547 latione
1634 3474 1881 3569 Legis,
1938 3471 2288 3543 omnium
2331 3486 2440 3544 est
2484 3470 2919 3545 silentium?
2969 3473 3140 3544 Fuit
3169 3468 3483 3569 quidem
3515 3467 3608 3538 de
3646 3467 4022 3542 natalibus
4056 3468 4470 3540 nothorum

1042 3612 1149 3668 -et
1180 3596 1491 3693 'juribus
1523 3654 1543 3686 ,
1601 3596 1879 3696 quibus
1930 3594 2040 3668 illi
2089 3619 2263 3667 cum
2321 3594 2535 3698 prole
2590 3596 2914 3698 legitima
2971 3596 3230 3700 aequis
3277 3607 3680 3665 uterentur
3713 3647 3733 3681 ,
3787 3594 4050 3692 primis
4101 3589 4282 3661 Belli
4336 3593 4472 3659 Pe-

1067 3723 1581 3820 loponnesiaci
1615 3723 1837 3826 annis
1864 3724 2011 3791 Lex
2033 3723 2421 3819 proposita
2448 3735 2519 3792 et
2541 3719 3019 3820 promulgata
3042 3772 3062 3802 ,
3092 3717 3503 3814 eademque
3531 3742 3704 3790 cum
3737 3715 3898 3787 aliis
3917 3769 3938 3808 ,
3964 3737 4146 3811 quas
4175 3706 4494 3809 tempo?

1068 3870 1243 3917 rum
1282 3859 1681 3939 pepererat
1714 3846 2009 3911 tristitia
2036 3895 2056 3922 ‚
2080 3857 2253 3935 post
2286 3841 2737 3908 Anarchiam
2770 3889 2788 3923 ‚
2813 3835 3195 3908 Archonte
3218 3837 3522 3910 Euclide
3543 3894 3563 3927 ,
3605 3837 3996 3934 abrogata:
4046 3839 4325 3907 Verum
4351 3886 4370 3922 ,
4401 3835 4466 3904 si

1054 3965 1162 4034 'de
1209 3966 1341 4033 ista
1385 3963 1695 4058 quidem
1737 3959 1861 4026 hic
1892 3961 2081 4047 Lege
2124 3957 2405 4049 agitur,
2460 3958 2574 4024 uti
2615 3955 3050 4058 planissime
3082 3957 3302 4031 nobis
3340 3985 3776 4062 persuasum
3816 3972 3926 4031 est
3953 4013 3973 4048 ,
4004 3981 4087 4029 ac
4114 3955 4468 4055 deinceps

1056 4078 1752 4161 demonstrabitur,
1808 4073 2030 4144 aliam
2080 4100 2239 4147 non
2279 4100 2432 4148 esse
2486 4094 2782 4177 praeter
2830 4078 3082 4170 illam,
3160 4107 3389 4180 quam
3445 4087 3955 4183 Hieronymus
3997 4077 4337 4154 Rhodius
4385 4081 4466 4149 in

1054 4198 1401 4273 medium
1440 4197 1799 4298 protulit3
1849 4237 1956 4252 -
2006 4198 2065 4272 si
2120 4198 2199 4270 id
2238 4202 2469 4298 igitur
2506 4229 2770 4280 verum
2820 4218 2972 4291 est,
3031 4219 3194 4274 tum
3242 4220 3439 4274 certe
3492 4202 3696 4276 haud
3740 4207 4023 4306 optima
4054 4201 4204 4276 fide
4254 4200 4464 4297 Poly-

806 4363 842 4393 κ
1066 4321 1384 4392 histor-es
1437 4337 1754 4418 egerunt
1811 4323 2321 4420 Peripatetici,
2395 4324 2705 4425 quando
2762 4350 2859 4396 ne
2903 4327 3176 4427 primis
3231 4325 3538 4423 quidem
3615 4328 3797 4401 Belli
3857 4322 4468 4435 Peloponnesiaci

1050 4445 1323 4531 flnniS,
1379 4447 1492 4516 uti
1535 4471 1675 4518 nec
1723 4460 1898 4518 ante
1950 4470 2198 4544 neque
2239 4463 2552 4544 postea,
2606 4443 2921 4522 Athenis
2976 4448 3270 4519 licitum
3316 4447 3500 4537 suit,
3556 4450 3773 4523 binas
3813 4449 4074 4521 eodem
4123 4458 4466 4540 tempore

1030 4582 1308 4668 ,justas
1351 4567 1624 4642 habere
1654 4586 2005 4670 nupcias,
2059 4569 2394 4672 duasque
2426 4571 2658 4644 simul
2692 4595 2984 4646 uxores.
2973 4665 3022 4702 Ι
3079 4571 3178 4706 1Id
3230 4601 3300 4671 1
3287 4579 3488 4645 ucis
3540 4567 4047 4672 probandum.

2927 4689 2934 4702 ·
3837 4693 3908 4787 s
3937 4693 4107 4762 ΧΠ
4150 4688 4472 4787 mentm

1148 4887 1283 4967 (ιο),
1316 4890 1529 4948 Confer
1569 4909 1717 4969 quae
1751 4911 1926 4968 supra
1962 4894 2291 4956 notavimus
2335 4895 2410 4954 ad
2458 4895 2512 4970 §.
2554 4895 2632 4951 X.
2668 4914 2804 4972 pag.
2843 4896 2936 4954 56.
2981 4896 3102 4953 vid.
3136 4915 3315 4973 porro
3359 4895 3467 4953 En.
3514 4894 3769 4953 Coum
3811 4887 3990 4952 Fase.
4024 4885 4172 4946 Aet.
4204 4885 4281 4944 ad
4303 4885 4464 4956 moa.

1349 5015 1496 5071 quos
1545 4998 1969 5074 indicavimus,
2011 5019 2212 5058 annos.

1147 5096 1271 5179 (ιι)
1312 5099 1583 5164 Advers.
1628 5106 1818 5165 fili-50.
1857 5106 1989 5170 Lib.
2029 5109 2076 5165 1.
2113 5112 2257 5186 Cap.
2305 5127 2363 5185 9.
2417 5106 2530 5170 col,
2586 5105 2722 5163 232.
2767 5126 2828 5163 n.
2872 5124 2929 5164 x·
