5038 5975
1323 501 1505 605 ns
1625 444 2334 641 meinai
2458 504 3263 597 sossi-ris.
3727 442 4058 617 ’Ἅπας

647 693 1046 774 'narrandis‘
1101 697 1311 775 factis
1341 756 1365 792 ‚
1446 700 2010 803 exquisitiorem
2072 702 2448 779 delectum
2509 719 2587 778 et
2660 705 3133 779 notationem
3204 707 3287 776 in
3341 696 3794 804 recipiendis
3847 706 4050 778 testi·
4106 737 4325 803 „mo
4365 741 4472 807 π’,

644 826 929 896 moniis
978 823 1521 899 desideramus:
1576 824 1720 898 Sed
1776 827 2161 900 Athenaeo
2197 884 2217 919 ,
2272 831 2484 926 cujus
2537 830 2817 901 variam
2865 829 3371 903 eruditionem
3417 829 4046 919 Grammaticam,
4184 820 4242 896 S·
4284 820 4352 888 δι

645 945 1068 1045 utilemque
1114 949 1544 1043 junioribus
1602 948 2026 1045 πολυμαθείην
2073 954 2589 1049 agnoscimus,
2643 988 2746 1007 -—
2792 951 3224 1039 Athenaeo,
3279 950 3645 1047 inquam,
3699 950 4052 1024 voluntas

644 1070 874 1139 etiam
931 1071 1013 1140 in
1066 1071 1424 1143 tradenda
1474 1099 1567 1145 ex
1618 1074 1798 1146 ve'ro
1848 1076 2175 1147 Historia
2220 1074 2748 1173 Philosophica
2793 1071 3115 1145 defuisse
3167 1070 3491 1145 videtur.
3598 1077 3670 1146 Is
3722 1071 4046 1163 scilicet,
4138 1089 4473 1152 Iudicium

639 1196 778 1294 qui
825 1199 929 1269 sic
974 1195 1403 1291 judicabat,
1478 1211 1566 1269 ut
1615 1196 1811 1269 nulli
1873 1221 1917 1268 a
1974 1195 2347 1294 sapientia
2403 1198 2545 1294 ipsi
2607 1194 3047 1267 viderentur
3109 1193 3551 1283 alienioreS,
3620 1219 3848 1292 quam
3918 1168 4480 1294 quideAthenaei

4048 1248 4198 1327 fide
4215 1244 4284 1308 ἐπ’
4296 1253 4472 1310 Hice.

572 1370 601 1404 a
634 1318 847 1389 illam
900 1343 977 1390 se
1025 1317 1269 1389 colere
1324 1316 1872 1417 profiterentur
1898 1374 1920 1410 ,
2002 1317 2223 1416 (obstr
2276 1316 2407 1417 γάρ
2459 1316 2552 1404 ἔςι
2609 1318 2761 1418 (35)
2820 1322 2941 1394 τῶν
2991 1313 3376 1413 καλουμένων
3413 1313 3782 1413 φιλοσόφων
3820 1315 4508 1414 &pao-Philosophia

635 1439 1035 1539 σοφώτερον)
1088 1476 1191 1496 --
1240 1442 1301 1510 is
1362 1444 1648 1512 veritus
1712 1468 1875 1512 non
1935 1459 2047 1515 est
2106 1443 2372 1515 eodem
2423 1443 2592 1515 loeo
2625 1497 2645 1533 ,
2718 1459 2808 1515 ut
2854 1442 3070 1514 dictis
3127 1439 3359 1511 fidem
3403 1437 3719 1532 faceret,
3773 1444 4041 1513 acerri·
4069 1408 4174 1470 σά·

632 1587 847 1633 mam
907 1566 1167 1661 Lysiae
1234 1576 1499 1632 contra
1562 1561 2010 1634 Aeschinem
2083 1567 2548 1636 Socraticum
2619 1566 3167 1638 accusationem
3246 1559 3523 1634 referre
3559 1616 3579 1651 ,
3665 1565 4052 1661 ipsiusque

634 1688 867 1757 'etiam
914 1683 1404 1757 Democharis
1465 1687 1909 1758 auctoritate
1963 1688 2079 1759 uti
2131 1741 2152 1773 ‚
2226 1700 2315 1758 ut
2364 1689 2722 1759 Euaeona
2782 1712 2915 1759 seu
2979 1690 3335 1781 Euagona
3400 1687 3995 1785 Lampsacenum
4023 1738 4046 1777 ,

631 1811 777 1905 qui
836 1832 877 1878 e
934 1806 1266 1879 Platonis
1317 1806 1567 1881 schola
1621 1808 2046 1908 prodierat,
2100 1806 2546 1897 infamaret,
2605 1822 2969 1906 tanquam
3028 1808 3161 1905 qui
3222 1830 3359 1905 per
3423 1804 3766 1878 fraudem
3825 1810 4050 1877 Rem-

600 1930 1025 2029 ‘publicam
1083 1944 1420 2020 tentare,
1477 1955 1562 2003 ac
1608 1924 2033 2030 tyrannidis
2084 1933 2168 2003 in
2229 1932 2552 2002 Patriam
2607 1930 2964 2003 voluisset
3011 1931 3269 2027 potiri.
3324 1964 3426 1984 --
3496 1932 3590 2001 Et
3647 1952 3825 2002 sane
3877 1932 4047 2026 quis

634 2052 1152 2143 Athenaeum,
1207 2055 1380 2150 quis
1416 2055 1833 2150 Diogenem
1875 2055 2256 2125 Laertium
2283 2107 2303 2141 ‚
2358 2056 2532 2151 quis
2569 2049 3207 2150 Philosophorum
3248 2054 3456 2125 Vitas
3498 2049 3700 2150 apud
3738 2048 4044 2123 Suidam

633 2175 917 2248 aliosve
959 2175 1150 2272 legat
1178 2230 1198 2265 ,
1258 2201 1506 2273 neque
1541 2173 1957 2272 intelligat,
2010 2174 2417 2274 singularia
2445 2231 2466 2268 ,
2523 2174 3037 2264 incredibilia,
3089 2178 3430 2275 portenti
3469 2173 3742 2259 similia
3773 2227 3794 2264 ,
3849 2188 4044 2271 quae

629 2301 911 2394 passim
975 2297 1177 2395 apud
1218 2297 1388 2370 illos
1443 2299 1973 2397 reperiuntur,
2025 2297 2211 2371 falso
2258 2303 2487 2370 etiam
2542 2300 2954 2371 memoriae
3009 2323 3161 2369 esse
3208 2297 3505 2395 prodita
3538 2350 3558 2385 ,
3636 2321 3884 2393 neque
3949 2293 4043 2365 ad

637 2417 859 2487 aliam
912 2421 1284 2514 originem
1331 2418 1763 2502 referenda,
1818 2420 1965 2485 nisi
2005 2417 2099 2484 ad
2132 2416 2459 2502 invidas,
2513 2416 2948 2502 maledicas,
3004 2415 3398 2486 mendaces
3446 2416 4041 2486 obtrectatorum

628 2550 717 2607 et
776 2535 1377 2643 adver-saniorum
1444 2536 2013 2608 criminationes
2043 2587 2064 2623 ,
2144 2536 2298 2608 sive
2350 2535 2453 2645 ab
2521 2535 2789 2609 acerbo
2843 2549 2922 2607 et
2979 2537 3386 2609 criminoso
3454 2538 3761 2629 Oratore
3793 2588 3815 2625 ,
3885 2536 4040 2607 sive
4058 2537 4316 2603 Incerta
4349 2544 4469 2641 Vf-

637 2656 735 2731 ab
786 2656 1090 2731 aemulo
1129 2672 1205 2730 et
1248 2659 1561 2730 inimico
1606 2656 2071 2756 Philosopho
2120 2655 2432 2732 oblatas.
2537 2660 2714 2729 Sine
2763 2657 3125 2747 AlexinO,
3179 2659 3342 2731 sine
3401 2656 3773 2730 Eubulide
3805 2712 3826 2748 ,
3880 2624 4467 2782 sinecloasslssgss‘

631 2758 939 2879 L‘ycone
970 2834 991 2871 ‚
1045 2783 1206 2854 sine
1251 2780 1760 2872 Demochare,
1810 2783 1977 2854 sine
2039 2780 2556 2881 Cephisodoro
2583 2835 2604 2873 ,
2657 2783 2821 2857 sine
2877 2783 3178 2853 Timaeo
3209 2778 3508 2887 fuisset,
3562 2804 3816 2881 neque
3871 2785 4038 2853 Bes·
4054 2800 4199 2840 rum
4217 2779 4421 2866 fides.

618 2905 886 2974 sarion
921 2957 942 2993 ,
1000 2929 1248 3002 neque
1304 2905 1667 2978 Patricius
1697 2955 1719 2996 ‚
1772 2931 2028 3005 neque
2087 2898 2514 2979 Gassendus
2545 2960 2566 2996 ,
2613 2920 2770 2990 xaut
2822 2906 3264 3004 quicunque
3309 2907 3511 2975 inter
3557 2904 4037 2976 Recentiores

632 3024 1015 3097 Aristoteli
1064 3025 1182 3098 vel
1218 3028 1725 3123 Peripateticis
1771 3027 1919 3101 fuit
1966 3028 2350 3119 infensus,
2406 3043 2562 3101 tam
2609 3028 2940 3127 amplam
2990 3028 3137 3101 illis
3182 3025 3680 3100 maledicendi
3736 3028 4035 3126 copiam

624 3146 1057 3236 ‘habuisset3
1112 3174 1261 3247 qua
1311 3149 1395 3219 in
1442 3147 1701 3247 copia,
1774 3148 1949 3220 licet
2002 3173 2178 3222 suos
2236 3148 2707 3239 Aristoteles,
2764 3174 3000 3248 aeque
3043 3175 3127 3222 ac
3168 3150 3411 3238 Plato,
3492 3173 3752 3247 passus
3803 3147 4036 3222 fuerit:

622 3292 938 3353 maneS,
993 3284 1174 3338 sunt
1217 3285 1414 3337 certe
1453 3269 1673 3364 plura
1720 3273 2085 3364 crimina,
2138 3296 2332 3371 quae
2374 3268 2595 3343 fictae
2650 3294 2735 3342 ac
2786 3275 3348 3346 commentitiae
3403 3269 3700 3350 fabulae
3762 3286 4033 3348 notam

618 3389 839 3463 ‘velut
885 3391 967 3460 in
1020 3387 1270 3461 fronte
1317 3401 1607 3485 gerant.

610 3543 625 3552 ·
726 3513 961 3610 Atqui
997 3525 1214 3582 ‘certe
1246 3510 1355 3582 0de
1399 3516 1699 3583 Socrate
1744 3526 2037 3611 quanto
2101 3511 2336 3610 magis
2380 3505 2530 3582 hoc
2572 3513 2834 3584 verum
2886 3532 2996 3587 est
3029 3567 3050 3605 ,
3103 3517 3185 3587 in
3233 3543 3463 3615 quem
3514 3520 3784 3593 Virum
3809 3573 3830 3610 ,
3886 3521 4033 3596 viro
4055 3521 4430 3608 Polycrates

614 3649 797 3708 “tute
837 3649 913 3707 et
969 3633 1261 3707 sincera
1315 3634 1397 3705 in
1445 3638 1695 3707 Deum
1738 3637 2020 3735 pietate
2077 3658 2308 3734 supra
2366 3631 2784 3706 humanam
2836 3651 3119 3708 sortem
3175 3639 3721 3733 conspicuum,
3796 3640 4024 3713 male·
4052 3604 4389 3744 ξζζῇῗζζοηξ
4461 3647 4472 3654 ’

616 3758 960 3832 ‘volentia
1018 3764 1423 3830 oratorum
1473 3780 1635 3829 non
1684 3769 1985 3829 tantum
2031 3751 2107 3830 et
2156 3762 2761 3856 Demagogorum
2802 3755 2931 3830 sed
2994 3758 3659 3855 Peripateticorum
3715 3782 4024 3855 quoque
4052 3764 4452 3839 exagitavit,

614 3895 706 3953 *et
772 3883 1317 3981 Epicureorum
1371 3877 1801 3977 frequentia
1832 3879 2222 3975 'conjicere
2292 3878 2441 3950 tela
2499 3879 3041 3954 consueverat?
3116 3876 3578 3976 Polycratem
3629 3882 4023 3966 Oratorem
4054 3857 4183 3897 '‘⁰'‘
4223 3859 4392 3901 vere.

621 4025 765 4075 seu
806 4001 1216 4073 Rhetorem
1252 4005 1332 4072 in
1386 4000 1598 4073 hunc
1643 4001 2281 4075 calumniatorum
2316 4003 2721 4100 praecipue
2761 4024 3073 4071 censum
3121 3998 3550 4072 retulerunt
3590 4015 3676 4104 et‘
3707 4003 4023 4102 Antiqui

618 4137 710 4196 et
766 4125 1245 4194 Recentiores
1275 4175 1297 4211 ,
1348 4124 1742 4222 Hermippi
1807 4125 2263 4224 Smyrnaei,
2338 4123 2777 4221 Philosophi
2843 4122 3311 4219 Peripatetici
3353 4173 3375 4211 ,
3447 4126 3891 4195 auctoritate
3938 4126 4020 4196 in

618 4268 962 4319 errorem
1026 4242 1371 4316 inducti:
1428 4247 1501 4316 Is
1552 4247 1765 4317 enim
1810 4248 1893 4320 in
1948 4249 2191 4321 Libris
2213 4299 2236 4335 ‚
2290 4268 2482 4343 quos
2537 4244 2637 4315 de
2697 4243 2903 4317 Vitis
2964 4240 3638 4343 Philosophorum
3688 4249 4019 4320 conscri-

612 4373 780 4471 *psit
818 4422 840 4461 ,
920 4380 1234 4441 testatus
1290 4382 1399 4441 est
1433 4419 1458 4459 ,
1531 4370 1972 4442 Orationem
2031 4366 2125 4443 ad
2184 4374 2223 4442 J
2231 4366 2485 4440 udices
2517 4418 2540 4456 ‚
2621 4365 3043 4440 secundum
3098 4391 3330 4465 quam
3384 4370 3723 4441 Socrates
3771 4366 4016 4441 fuerat

612 4491 1066 4581 damnatus,
1120 4489 1339 4562 illum
1386 4487 1848 4590 Polycratem
1898 4489 2246 4565 habuisse
2297 4504 2728 4562 auctorem:
2805 4488 2989 4578 Sed,
3063 4491 3198 4585 qui
3250 4485 3329 4559 id
3367 4488 3599 4562 refert
3623 4545 3644 4578 ,
3698 4495 4025 4565 Dioca-

626 4636 780 4686 nss
826 4616 1257 4689 Latia-nus
1307 4610 1462 4712 (36)
1512 4613 1788 4687 merito
1826 4614 1983 4711 jam
2026 4613 2375 4715 probavit
2419 4615 2874 4688 sententiam
2918 4613 3304 4704 Favorini,
3362 4614 3497 4710 qui
3537 4613 3756 4686 istam
3804 4612 4019 4713 Poly-

558 4949 567 4958 ·
604 4949 621 4982 ’-
683 4933 832 5013 1135)
869 4934 1239 4994 Amnum
1272 4934 1406 5000 Lib.
1445 4937 1618 5000 xm.
1656 4954 1795 5022 pag.
1836 4895 1975 5003 cxi.
2011 4959 2081 5001 v·

666 5027 829 5120 (³6)
865 5038 998 5101 Lib.
1038 5041 1120 5103 ΙΙ.
1159 5038 1355 5122 Segm.
1398 5040 1496 5121 39.
