5038 5975
1301 505 1480 576 DE
1596 459 2295 577 n1GAM1a
2425 502 3223 577 socRATls
3405 478 3418 604 j
3683 568 3686 575 .
3887 503 3984 606 w

600 704 660 782 ⁵„
714 701 976 795 piam,
1034 700 1168 794 qui
1221 721 1399 767 cum
1457 696 1692 766 laude
1753 699 2065 767 vixerit.
2171 698 2416 769 Recta
2481 724 2608 768 me
2653 696 2941 782 dicere,
3002 695 3373 768 adsensus
3422 708 3554 768 est.
3662 696 3990 802 Itaque,
4047 705 4265 769 steno
4318 712 4372 773 1.

600 871 660 907 7,
718 818 1350 916 quandoquzdem
1405 821 1808 904 videmus,
1864 812 1949 887 in
2003 823 2286 892 neutra
2340 821 2626 892 lzarum
2683 845 2937 890 rerum
2988 817 3473 890 nobilitatem
3527 828 3937 898 consistere
3959 882 3986 917 ,
4108 786 4167 863 ς’
4214 786 4310 847 ¹⁵

598 990 658 1024 „
718 938 982 1009 alione
1043 939 1193 1011 hoc
1267 941 1500 1012 modo
1556 941 2207 1013 considerandum
2283 945 2454 1015 est?
2525 939 2698 1039 Quo
2770 943 3083 1013 demum
3111 943 3151 1013 Ρ
3206 943 3385 1013 Hoc
3415 997 3436 1031 ‚
3489 949 3855 1044 inquam,
3910 967 4010 1022 ut·

598 1112 657 1144 ,‚
696 1065 1043 1159 jamjam
1087 1063 1691 1148 consideremus,
1775 1087 1887 1133 an
1948 1090 2119 1136 vox
2180 1064 2320 1136 illa
2369 1065 2563 1137 bene
2615 1065 3016 1163 quidpiam
3057 1065 3478 1165 significet,
3534 1069 3750 1167 quod
3791 1073 3997 1143 inter

596 1233 654 1265 ,‚
714 1207 833 1252 res
887 1182 1332 1256 laudandas
1392 1201 1472 1255 et
1493 1186 1962 1282 expetendas
2019 1187 2403 1283 referatur
2416 1214 2445 1274 ,·
2474 1213 2559 1258 .e.
2608 1214 2727 1286 gr.
2777 1192 2843 1259 si
2881 1188 3079 1263 boni
3121 1187 3304 1262 facie
3359 1190 3788 1289 praeditum
3849 1209 3998 1266 aut

597 1354 652 1387 ,‚
705 1302 1339 1378 bene-oculatum
1384 1308 1776 1379 dicamus:
1827 1310 2199 1408 Namque
2231 1310 2653 1383 secundum
2696 1308 2906 1383 hanc
2936 1312 3251 1410 quidem
3297 1317 3682 1387 rationem
3733 1314 3994 1387 excel-

594 1475 650 1510 „
708 1423 869 1496 lens
922 1428 1225 1524 aliquid
1270 1446 1349 1497 et
1368 1428 1781 1524 pulchrum
1831 1432 2246 1531 sigmficat.
2359 1432 2740 1522 Omnino,
2799 1440 3070 1535 inquit.
3173 1435 3466 1507 Nonne
3500 1440 3743 1535 igitur
3777 1436 3985 1510 boni!

597 1597 655 1632 ,‚
712 1545 897 1617 facie
957 1547 1383 1644 praeditum
1448 1547 1648 1617 illud
1692 1566 1853 1634 est,
1909 1554 2126 1650 quod
2167 1552 2410 1625 habet
2445 1556 2995 1629 excellentiam
3022 1557 3310 1654 faciei,
3367 1573 3450 1629 et
3492 1556 3989 1630 bene-ocula-

592 1722 649 1755 „
712 1684 875 1740 tum
929 1669 1157 1757 illud,
1215 1670 1430 1770 quod
1473 1667 1716 1740 habet
1761 1672 2311 1747 excellentiam
2360 1678 2566 1749 oculi
2591 1679 2632 1749 P
2697 1660 2832 1750 Sic
2889 1697 3051 1767 est,
3117 1685 3390 1781 inquit.
3491 1679 3748 1780 Atqui
3787 1703 3996 1781 vero,

591 1847 647 1881 ,‚
706 1809 826 1864 est
888 1817 1134 1891 genus
1198 1792 1422 1863 aliud
1476 1793 1890 1899 laudatum
1961 1814 2045 1868 et
2093 1795 2426 1897 probum
2454 1826 2484 1887 ‚·
2545 1800 2771 1872 aliud
2819 1801 3100 1875 nullius
3150 1806 3381 1902 pretii
3427 1825 3526 1873 ac
3588 1825 3977 1901 nequam,

592 1969 647 2004 ‚,
706 1919 1176 2014 minimeque
1217 1915 1686 1987 laudatum?
1756 1920 1979 1990 Certe
2040 1935 2201 2007 est,
2271 1924 2545 2020 inquit.
2648 1923 3106 1996 Laudatam
3168 1940 3432 1997 autem
3487 1940 3652 1995 rem
3699 1947 3986 1996 unam-

589 2092 646 2125 „
704 2062 1094 2139 quamque
1142 2039 1466 2113 dicimus
1488 2093 1515 2127 ‚
1584 2041 2013 2113 secundum
2061 2046 2222 2141 ejus
2281 2045 2834 2119 excellentiam
2863 2072 2893 2133 ,·
2950 2052 3397 2147 pariterque
3466 2044 3669 2145 adeo
3734 2068 3986 2145 genus

586 2214 645 2250 „
701 2161 1112 2238 laudatum
1148 2186 1247 2233 ac
1272 2162 1661 2262 probum?
1705 2165 2044 2237 Prorsus
2087 2171 2203 2237 ita
2230 2183 2373 2254 est,
2431 2175 2572 2242 ait.
2674 2171 3017 2258 Idcirco,
3069 2175 3433 2270 inquam,
3475 2165 3981 2263 manifestum

587 2334 644 2370 „
696 2300 850 2371 est,
906 2282 1153 2357 bonos
1202 2285 1485 2360 natales
1528 2313 1665 2362 seu
1711 2287 2188 2363 nobilitatem
2240 2294 2539 2389 generis
2592 2292 2794 2368 illius
2853 2318 3023 2370 esse
3077 2288 3714 2368 excellentiam&

1834 2653 2611 2708 ---·-0--——·

1662 2816 1696 2843 l

687 2955 742 2990 “
789 2942 1076 3047 Igitur,
1127 2915 1287 3043 qua
1322 2943 1421 3015 de
1462 2968 1544 3015 re
1572 2960 1813 3018 antea
1843 2942 2060 3020 dubii
2094 2939 2526 3036 haesimus,
2572 2942 3057 3050 perspicuum
3075 2942 3258 3038 jam
3294 2956 3443 3030 est,
3485 2960 3626 3014 cur
3661 2933 4010 3014 demum„

578 3121 637 3156 „
692 3067 854 3155 illi,
913 3071 1048 3167 qui
1103 3091 1207 3138 ex
1267 3063 1691 3164 majoribus
1748 3093 1805 3137 a
1865 3067 2102 3167 longo
2158 3069 2341 3140 inde
2396 3087 2738 3166 tempore
2785 3063 3280 3162 locupletibus
3325 3069 3580 3137 essent
3602 3067 3796 3152 orti,
3839 3063 3984 3139 vel

494 3243 507 3254 ,
574 3243 634 3276 „
689 3183 801 3259 illi
826 3242 850 3276 ,
920 3193 1054 3284 qui
1108 3213 1214 3261 ex
1258 3171 1683 3288 majoribus
1740 3215 1797 3261 a
1863 3185 2097 3290 longo
2146 3185 2329 3260 inde
2384 3206 2726 3289 tempore
2786 3173 3126 3260 laudatis
3153 3241 3179 3273 ,
3223 3191 3751 3286 generosiores
3811 3211 3979 3261 esse

578 3363 636 3397 ‚,
691 3303 1144 3380 ‘videantur'
1175 3307 1322 3379 illis
1350 3361 1375 3394 ,
1431 3316 1562 3405 qui
1613 3309 1900 3382 haecce
1968 3309 2182 3385 bona
2241 3316 2605 3411 proxime
2655 3315 2815 3383 sint
2860 3314 3271 3381 consecuti.
3375 3309 3723 3411 Propior
3759 3313 3976 3384 enim

492 3479 503 3488 -
542 3485 631 3526 4,
688 3447 835 3518 est,
888 3432 1022 3528 qui
1055 3432 1210 3527 ipse
1238 3433 1352 3501 sit
1395 3427 1762 3500 laudatus
1786 3480 1808 3515 ,
1863 3452 2103 3525 quam
2133 3437 2266 3528 qui
2308 3458 2536 3500 avum
2581 3432 2993 3502 laudatum
3022 3436 3125 3502 sit
3154 3446 3427 3503 nactus
3440 3457 3470 3520 ,·
3511 3436 3625 3505 sic
3660 3432 3978 3533 quidem

570 3606 627 3641 ,‚
683 3569 775 3625 ut
820 3556 953 3624 vir
1004 3550 1389 3624 excellens
1435 3551 1644 3622 idem
1693 3551 1798 3621 sit
1838 3547 2157 3621 nobilis:
2230 3547 2341 3620 Et
2395 3566 2610 3637 sunt,
2667 3556 2802 3648 qui
2845 3556 2962 3619 ita
3013 3552 3409 3621 dixerint:
3460 3554 3964 3651 Dis-putando

567 3729 622 3763 „
679 3679 952 3775 quippe
986 3673 1309 3746 adducti
1353 3698 1454 3744 ar
1441 3688 1904 3773 gumentum
1944 3671 2036 3744 de
2081 3661 2487 3746 Nobilitate
2541 3675 2684 3744 isto
2740 3669 3216 3742 concludunt
3259 3671 3539 3757 modo,
3584 3673 3972 3771 quemad-

564 3850 622 3885 „
668 3784 997 3870 modum
1032 3800 1276 3870 etiam
1308 3792 1710 3894 Euripides
1753 3796 1904 3881 att,
1949 3793 2438 3866 nobilitatem
2488 3817 2653 3866 non
2691 3791 2973 3864 deduci
3015 3815 3119 3862 ex
3154 3788 3577 3888 majoribus
3621 3795 3967 3892 antiqui-
4023 3813 4032 3822 ·

562 3967 621 4005 „
668 3935 796 3990 tus
836 3918 1217 4009 laudatis,
1276 3918 1416 3990 sed
1461 3913 1802 3987 nobilem
1845 3940 2006 3988 esse
2055 3916 2533 4018 simpliciter,
2567 3920 2739 4013 qui
2771 3912 3118 3985 bonitate
3154 3929 3517 4013 praestet.
3618 3913 3728 3985 Id
3770 3939 3965 3990 vero

514 4079 517 4082 ·
562 4091 619 4128 „
674 4043 1001 4111 minime
1048 4045 1158 4111 sle
1213 4063 1295 4109 se
1356 4036 1599 4108 habet
1624 4061 1649 4108 .·
1718 4035 1885 4108 Sed
1947 4055 2149 4110 recte
2205 4040 2303 4110 de
2355 4037 2510 4110 hac
2568 4033 3020 4137 quaestione
3076 4050 3375 4136 agunt,
3447 4040 3580 4134 qui
3617 4040 3967 4139 priscam

559 4214 617 4249 ‚,
679 4163 1085 4232 recentiori
1138 4159 1449 4233 addunt
1507 4160 2077 4233 excellentiam.
2181 4160 2610 4233 Rationem
2674 4159 2952 4230 damus
3015 4156 3226 4229 hanc
3241 4210 3265 4245 ,
3340 4156 3555 4257 quod
3604 4157 3962 4234 nobilitas

561 4337 617 4373 „
672 4289 780 4356 sit
805 4280 1272 4354 excellentia
1310 4288 1613 4384 generis
1625 4308 1656 4369 ;
1705 4283 2171 4356 excellentia
2211 4306 2403 4356 vero
2452 4307 2568 4354 res
2605 4291 2724 4355 es‘t
2747 4277 3100 4382 laudata.
3207 4278 3670 4354 Laudatum
3698 4300 3964 4357 autem

557 4459 614 4494 „
670 4423 787 4479 est
813 4427 1103 4507 genus,
1160 4409 1246 4475 in
1281 4430 1433 4505 quo
1456 4404 1714 4505 plures
1745 4404 2050 4477 laudati
2083 4411 2306 4478 nasci
2335 4404 2712 4477 adsolent.
2816 4404 3035 4476 Illud
3043 4430 3281 4503 porro
3313 4403 3640 4494 accidit,
3695 4431 3961 4507 quan-

556 4578 611 4616 ‚,
666 4528 767 4599 do
823 4533 1096 4627 generi
1168 4535 1373 4602 inest
1414 4532 1888 4628 principium
1951 4526 2366 4599 laudatum
2406 4551 2430 4595 .·
2495 4528 2719 4602 Nam
2760 4527 3231 4628 principium
3288 4531 3396 4597 rei
3456 4525 3668 4599 hanc
3719 4526 3968 4602 habet

550 4702 612 4739 „
668 4654 879 4735 mim,
954 4667 1044 4720 ut
1112 4651 1362 4724 multa
1418 4656 1821 4751 sequentia
1885 4649 2225 4747 efficiat,
2299 4649 2532 4749 quale
2595 4656 2699 4723 sit
2738 4655 3003 4751 ipsum.
3114 4649 3223 4720 Id
3259 4648 3554 4721 scilicet
3584 4655 3950 4752 principii

552 4824 610 4860 „
666 4795 895 4870 opus,
976 4795 1076 4841 ea
1102 4777 1247 4850 ,vis
1297 4792 1449 4863 est,
1525 4790 1617 4845 ut
1659 4774 1826 4844 alia
1872 4771 2127 4845 multa
2171 4770 2372 4845 talia
2422 4773 2741 4863 reddat,
2797 4774 3031 4874 quale
3077 4780 3184 4847 sit
3225 4777 3494 4873 ipsum.
3607 4769 3949 4871 Quando

547 4946 608 4980 „
665 4897 928 4993 itaque
964 4900 1233 4995 generi
1278 4897 1516 4968 alicui
1550 4897 1742 4970 talis
1795 4902 1996 5002 inest
2027 4900 2163 4970 vir
2199 4921 2437 4986 unus,
2493 4902 2631 4998 qui
2671 4896 2870 4970 adeo
2905 4902 3029 4974 ,sit
3064 4895 3470 4981 laudatus,
3526 4910 3612 4966 ut
3654 4891 3948 4966 bonum

547 5067 605 5104 „
661 5018 905 5109 istud,
963 5018 1179 5119 quod
1215 5016 1320 5094 ab
1375 5018 1509 5096 illo
1551 5045 1912 5098 exorsum
1952 5036 2106 5111 est,
2163 5018 2447 5098 multas
2478 5020 2833 5122 deinceps
2853 5037 3340 5120 posterorum
3371 5033 3667 5093 aetates
3698 5040 3944 5119 occuff

3488 5133 3560 5220 N
