5038 5975
1344 491 3249 577 DEDIGAMIASOCRAT'IS.
3860 503 4016 580 ms

613 696 673 793 ζ,
729 711 1026 788 tamen,
1083 699 1217 796 qui
1246 691 1766 797 Munychiam
1820 724 1904 771 ac
1960 700 2346 772 Piraeeum
2401 696 2776 799 praesidio
2833 705 3037 800 regio
3106 637 3462 790 tenebat,
3528 699 3772 771 amico
3840 711 4008 774 ute··
4058 701 4277 764 sterio
4319 693 4411 771 Ῑΐί

617 880 669 916 ,,
724 826 948 922 batur
1006 817 1253 918 valde}
1297 818 1814 895 familiariter.
1888 822 2117 896 Illum
2194 823 2396 897 festis
2456 822 2721 897 diebus
2781 815 3255 925 frequenter
3289 822 3682 898 invisebat.
3787 824 4007 913 Quin

615 1001 668 1039 ,‚
724 943 1141 1046 aliquando
1202 943 1549 1019 Hierocli‘
1595 944 2053 1042 gratificatus
2131 950 2213 1019 in
2281 950 2582 1021 Piraee‘o
2656 961 3166 1023 commoratus
3225 963 3377 1041 est,
3432 947 3535 1021 ad·
3574 949 4006 1046 propositas

616 1125 669 1161 ‚‚
725 1069 1202 1169 quaestiones
1254 1068 1796 1170 disputaturus.
1915 1073 2054 1145 Hic
2121 1073 2377 1171 itaque
2427 1073 2645 1170 Regis
2702 1071 3120 1147 Praefectus
3179 1073 3398 1147 illum
3458 1069 3771 1144 adsiduo
3825 1092 4010 1142 cum

617 1247 670 1284 ‚‚
728 1193 888 1267 aliis
958 1193 1551 1282 adhortabatur,
1621 1195 2239 1294 ut'Antigonum
2312 1195 2647 1270 officiose
2717 1197 3126 1270 salutatum
3196 1196 3687 1284 convenirem
3758 1216 4014 1292 neque

617 1371 669 1407 ‚‚
725 1332 983 1389 tamen
1036 1316 1120 1388 id
1180 1317 1272 1389 ab
1338 1315 1471 1390 illo
1546 1318 2049 1416 impetravit.
2128 1323 2399 1407 Nam,
2416 1345 2591 1391 cum
2663 1321 2977 1393 monitis
3043 1322 3264 1394 amici
3330 1319 3861 1419 obtemperans
3923 1314 4018 1387 acl

557 1499 571 1513 .
616 1492 669 1530 „
720 1444 1030 1536 januam
1092 1439 1304 1512 aulae
1363 1440 1519 1538 jam
1574 1444 2070 1537 pervenisset,
2126 1443 2421 1539 consilii
2462 1445 2922 1517 Arcesilaum
2963 1423 3348 1545 poenituit
3391 1495 3413 1531 ,
3481 1456 3556 1515 et
3607 1459 3687 1512 re
3735 1437 4020 1511 infecta

623 1617 677 1654 ,‚
732 1561 1051 1634 domum
1104 1578 1214 1635 est
1268 1583 1634 1635 reversus.
1741 1566 2215 1666 Pariterque,
2272 1569 2449 1639 ciim
2494 1567 2786 1667 proelio
2852 1565 3099 1643 navali
3144 1568 3572 1676 Antigonus
3621 1564 4016 1635 victoriam

616 1740 669 1778 ‚‚
726 1684 1191 1777 retulisset,”
1285 1683 1496 1784 [tum
1580 1682 1776 1757 forte
1858 1713 2033 1762 cum
2117 1689 2500 1762 Patroclus
2550 1745 2571 1781 ,
2662 1688 2909 1763 classis
2996 1691 3486 1790 Aegyptiacae
3537 1675 3720 1758 'dux
3763 1737 3783 1774 ‚
3861 1706 4020 1756 seso

611 1836 912 1908 pugnae
964 1803 1231 1883 contra
1292 1808 1598 1882 classem
1660 1809 2169 1884 Macedonum
2222 1812 2697 1888 subduxisset
2715 1814 2780 1912 ,]
2851 1819 2906 1857 ‘⁶
2959 1811 3185 1887 multi
3244 1809 3444 1882 hanc
3497 1810 3567 1881 ei
3622 1804 4014 1879 fortunam

609 1985 665 2022 ‚,
730 1948 1204 2031 praesentes,
1260 1931 1387 2003 alii
1442 1930 1736 2021 literis,
1799 1951 1982 2008 sunt
2031 1935 2435 2032 gratulati:
2507 1934 2727 2012 Solus
2781 1935 3154 2010 conticuit
3213 1929 3706 2008 Arcesilausf
3754 1929 4015 2016 Quum

608 2111 663 2150 ,‚
721 2055 967 2126 nihilo
1034 2055 1291 2124 minus
1336 2078 1491 2150 pro
1545 2054 1789 2124 Patria
1839 2055 2248 2154 aliquando
2302 2061 2543 2166 gratia
2594 2060 2813 2158 Regis
2857 2074 3049 2148 esset
3101 2051 3575 2157 quaerenda,
3650 2049 4023 2148 legatione

608 2209 667 2272 ,3
718 2176 811 2249 ad
863 2178 1334 2273 Antigonum
1393 2165 1629 2276 fungi
1664 2178 2080 2260 Arcesilaus
2138 2206 2303 2262 ιιοιι
2359 2179 2845 2267 detrectavit,
2901 2207 2992 2253 eo
3048 2196 3303 2256 tamen
3377 2189 3657 2252 eventu
3704 2190 3795 2248 ut
3841 2186 4021 2245 voto

609 2353 664 2394 „
720 2302 1040 2372 minime
1067 2300 1522 2394 potiretur.”
1568 2340 1661 2360 --
1709 2307 2037 2385 Verum,
2092 2308 2227 2391 qui
2256 2309 2664 2371 amicitiam
2695 2304 3200 2370 Macedonum
3244 2317 3318 2368 et
3340 2305 3679 2370 Gonatae
3707 2296 4038 2393 adsper-

604 2423 1036 2509 nabantur‚
1092 2433 1361 2513 utpote
1414 2419 1496 2485 in
1540 2412 1823 2512 quibus
1862 2413 2105 2484 duros·
2142 2413 2584 2511 spectabant
2636 2414 3109 2487 Athenarum
3147 2413 3501 2487 dominos
3529 2467 3549 2503 ,
3577 2416 3732 2486 -illi-
3755 2431 4020 2486 tamen·

606 2570 771 2617 non
830 2540 1249 2640 pervicaces
1303 2536 1487 2608 adeo
1552 2551 1772 2610 erant
1840 2548 1974 2608 aut
2032 2535 2286 2610 odiose
2344 2537 2706 2635 superbi,
2788 2552 2875 2611 ut
2938 2536 3269 2612 favorem
3321 2531 3663 2609 virerum
3721 2521 4009 2636 priuci-
4021 2529 4040 2548 '

601 2693 793 2784 pum
837 2661 1160 2738 omnino
1211 2657 1677 2749 fastidirent,
1738 2659 2229 2734 dummodo
2209 2663 2263 2734 ιί
2307 2675 2598 2752 essent,
2657 2689 2991 2761 quorum
3038 2663 3272 2761 gratia
3321 2663 3484 2734 sine
3528 2656 3891 2733 dedecore
3929 2673 4010 2732 et

600 2775 897 2890 pudore
987 2775 1223 2884 accipi
1288 2802 1419 2860 aut
1496 2779 1787 2861 laudari
1861 2800 2137 2887 posset.
2252 2788 2461 2861 Tales
2534 2772 2754 2860 erant
2832 2789 3167 2886 Pergami
3236 2767 3742 2896 Dynastae:
3766 2787 3952 2858 Nam
3987 2835 4021 2874 ,

4132 780 4192 858 S·
4237 781 4328 855 ια

597 2939 846 3013 quum
910 2910 1183 2983 caeteri
1232 2911 1653 3009 spoliorum
1718 2909 2381 2983 Macedonicorum
2452 2912 2908 3010 participeS,
2967 2913 3408 3037 Antipaterr
3461 2906 3952 3009 Lysimachus
3983 2960 4003 2998 ‚
4068 2930 4278 2993 [edom
4298 2953 4460 2997 com.

592 3036 1028 3132 Antigonus
1062 3084 1082 3121 ‚
1158 3033 1512 3105 Seleucus
1553 3086 1574 3122 ,
1649 3033 2139 3109 Ptolemaeus
2151 3091 2172 3126 ‚
2244 3038 2534 3136 quique
2614 3032 2709 3107 ab
2775 3036 2866 3109 iis
2932 3049 3114 3109 sunt
3183 3028 3376 3125 orti,
3425 3056 3572 3133 per
3621 3030 3878 3107 caedes
3931 3057 3971 3106 e

3976 3046 4007 3106 t
4029 3029 4130 3075 era
4156 3017 4363 3073 amici

4023 3097 4333 3173 ,Pergami
4437 3136 4446 3155 .

599 3158 1102 3249 sanguinem,
1157 3178 1297 3252 per
1344 3152 1539 3224 bella
1567 3204 1590 3242 ‚
1646 3154 2164 3271 proditiones,
2220 3152 2605 3259 perjuria,
2655 3142 3059 3261 parricidia
3090 3212 3115 3253 ,
3190 3174 3422 3258 atque
3476 3157 3793 3232 incestas
3861 3182 4007 3232 nu·
4026 3176 4378 3260 Dynaseis.-

602 3277 848 3375 ptias‚
901 3268 996 3343 ad
1045 3293 1425 3340 summam
1486 3266 1906 3363 potentiam
1966 3301 2050 3353 ac
2095 3262 2392 3357 divitias
2447 3300 3009 3393 grassarentur,
3067 3281 3533 3359 Philetaerus
3595 3282 4015 3357 Eunuchus

599 3395 940 3494 Pergami
991 3388 1479 3463 moderatum
1534 3389 1697 3458 sine
1742 3365 2016 3475 scelere
2078 3386 2486 3490 imperium
2537 3404 2708 3497 (ις)
2747 3402 3110 3479 condidit
3122 3456 3143 3495 ,
3195 3406 3481 3501 cujus,
3546 3404 3792 3476 donec
3850 3405 4016 3479 lite-

596 3543 860 3593 rarum
915 3539 1128 3588 amor
1186 3510 2038 3610 mauebit,nu1'1quam
2103 3515 2450 3590 interibit
2500 3517 2766 3613 gloria.
2849 3525 3068 3614 ,Ei-go
3117 3528 3479 3594 Eumenis
3531 3540 3758 3620 atque
3790 3527 4020 3602 Attali

601 3645 784 3742 (sive
842 3641 1135 3743 priores
1194 3636 1277 3711 hi
1341 3634 1631 3735 fuerint
1660 3649 1755 3733 ¹et
1811 3636 2212 3731 Philetaeri
2267 3635 2571 3729 fratres,
2621 3640 2778 3719 sive
2831 3639 3179 3737 priorum
3224 3637 3422 3723 filii„
3470 3642 3761 3737 quique
3814 3669 4040 3716 unus·

599 3782 775 3869 post
833 3764 1158 3841 alterurn
1223 3760 1644 3837 Philetaero
1711 3778 1988 3860 patruo
2064 3766 2146 3835 in
2220 3785 2455 3860 regno
2527 3759 3122 3857 successerunt‚)
3173 3763 3808 3861 Pergamenorum
3858 3767 4019 3860 Dy-

601 3906 992 3965 nastarum
1062 3887 1471 3961 amicitiam
1563 3894 1641 3952 et
1700 3883 1903 3976 Lyco
1975 3886 2213 3951 coluit
2278 3898 2358 3952 et
2425 3884 2866 3957 Arcesilaus.
2974 3890 3028 3926 “
3083 3885 3411 3955 Eumeni
3478 3896 3706 3978 atque
3762 3884 4034 3958 Attalo*

609 4054 662 4099 5,
716 4011 1009 4104 iisque,
1082 4012 1219 4101 qui
1278 4026 1454 4075 cum
1532 4003 1651 4072 his
1721 4017 1940 4072 erant
2006 4002 2441 4096 conjuncti,
2517 4008 2736 4072 carus
2793 4008 2995 4097 Lyco
3060 4004 3247 4090 suit,
3314 4002 3730 4076 ut'nemo-
3774 4004 4026 4101 alius,.

609 4126 949 4237 ,·,·quare
990 4140 1066 4197 et
1119 4126 1199 4194 in
1241 4128 1491 4223 ipsum
1539 4122 1946 4221 pereximia
2009 4122 2289 4191 eoru'm
2347 4108 2491 4189 fluit
2531 4119 3097 4193 munificentia.
3106 4122 3150 4163 '·'
3242 4124 3732 4199 D1ocmus
3725 4130 4010 4206 Lae'a·
4020 4171 4029 4178 ·

600 4262 725 4327 Τιι
789 4250 951 4349 (20)
1017 4240 1199 4322 ειιιιι
1268 4234 1551 4337 verba,
1622 4270 1800 4317 mox
1865 4226 2339 4340 adjicientis}
2418 4238 2696 4315 frustra
2766 4244 3146 4342 Lyconem
3206 4244 3301 4316 ab
3375 4249 3818 4349 Antigono,
3892 4254 4011 4352 (ut

579 4362 955 4477 equidem
1027 4372 1435 4474 legendum
1503 4368 1881 4466 existimo)
1946 4364 2168 4445 fuisse
2231 4360 2764 4444 desideratum.
2887 4362 3170 4440 Pariter
3229 4366 3326 4440 de
3385 4373 3756 4447 Arcesilao
3823 4376 4032 4455 haec*

683 4686 739 4768 (ι
749 4687 810 4766 9)
847 4689 920 4746 In
982 4687 1145 4745 tanta
1207 4687 1365 4748 enim
1422 4686 1690 4746 caedium
1751 4703 1818 4745 ae
1882 4683 2291 4769 direptionum
2338 4674 2590 4747 licentii
2622 4683 2858 4745 crinea
2890 4680 3050 4747 haud
3088 4682 3263 4744 fuum
3315 4682 3550 4745 videtur
3589 4684 3771 4767 gaal,
3809 4704 4007 4765 quan

882 4791 1229 4850 occumbens
1266 4796 1639 4870 Lysimachus
1677 4794 2020 4869 reliquerat,
2061 4792 2209 4850 bene
2249 4793 2362 4864 uti,
2397 4811 2519 4868 quo
2554 4793 2699 4853 xii-is
2737 4792 2907 4850 bonis
2944 4811 3014 4851 ac
3054 4793 3354 4851 literarum
3391 4791 3721 4850 amantibus
3758 4794 4003 4869 asylum

882 4895 1161 4971 Pergami
1189 4897 1529 4971 aperiretur,
1591 4901 1728 4964 vid.
1780 4899 2145 5009 sumunt
2205 4898 2354 4966 Lib-
2377 4896 2547 4971 m·
2609 4914 2747 4984 pag·
2790 4916 2928 4981 72⁹·
2990 4901 3247 4997 Pauus.
3301 4900 3367 4958 in
3403 4894 3552 4957 Aet.
3612 4913 3714 4956 seu
3754 4897 3913 4958 Lib..
3933 4898 4007 4960 1.

882 5001 1030 5077 Gap.
1074 5000 1133 5059 8.
1174 5011 1261 5060 et
1278 5019 1383 5061 ιο.

628 5124 637 5131 ·
688 5094 814 5188 (ἑο)
832 5107 982 5168 Ebc
1021 5107 1097 5167 V.
1138 5106 1334 5187 Segni.
1373 5106 1493 5184 67·-

3363 5186 3504 5269 ce
3531 5182 3648 5258 a.
3701 5184 3708 5191 ·
