5038 5975
665 653 884 714 stc-rm
910 653 992 716 11.

743 736 800 808 S·
843 747 941 805 ³0·

613 1657 943 1718 romanu

604 1742 1002 1814 propositum

476 1847 487 1854 ⁸
615 1818 681 1870 in
714 1819 741 1866 x
766 1818 843 1873 itti
877 1823 981 1878 So·

608 1897 799 1955 cratis.

1057 462 1355 588 ηε·
1878 469 2778 543 LECTIONES
2917 471 3628 560 ATTICAL

1054 659 1243 734 bens
1286 664 1677 761 acquiesco
1708 716 1729 749 ‚
1780 664 1884 734 sic
1940 678 2191 738 tamen
2234 680 2484 740 statuo
2531 690 2831 740 necesse
2875 689 3078 757 esse,
3128 681 3219 740 ut
3263 671 3830 767 unusquisque,
3883 669 4021 768 qui
4067 667 4149 744 in
4198 669 4446 770 legen·

1055 782 1170 857 dis
1222 786 1681 885 PorphyriO,
1736 787 2203 879 JamblichO,
2260 790 2653 888 Eunapi0‚
2709 788 2973 862 Proclo
3010 846 3034 882 ,
3110 816 3269 864 non
3330 791 3559 892 plane
3623 794 3721 864 sit
3795 790 4116 892 hospes,
4189 793 4449 868 adsen-

1053 933 1222 982 sum
1288 909 1642 1007 praebeat
1714 916 2240 1002 Bnncxsao,
2321 911 2633 1011 quando
2681 915 2786 986 ait
2842 916 2996 1013 (7),
3073 922 3137 960 ⁴⁴
3191 914 3651 1005 Eclecticos,
3725 939 3860 989 seu
3901 913 4450 992 Alexandrinos

1052 1083 1112 1118 ,‚
1168 1029 1714 1132 Philosophus,
1767 1034 2119 1108 homines
2189 1034 2415 1109 fuisse
2475 1035 2948 1133 vaferrimos
2988 1092 3010 1129 ‚
3101 1041 3288 1138 qui,
3343 1039 3456 1111 ad*
3496 1034 4078 1113 incrustandum
4157 1063 4450 1114 novum

1056 1206 1109 1243 ‚,
1170 1153 1697 1256 Philosophiae
1738 1183 1914 1231 suae
1967 1160 2145 1232 satis
2197 1161 2511 1240 miserae
2555 1184 2840 1258 genus,
2896 1167 3302 1252 Veterum,
3358 1165 3712 1261 inprimis
3759 1161 4269 1263 Pythagorae,
4319 1164 4449 1237 'vi-

1057 1329 1109 1366 ‚‚
1168 1292 1317 1350 tam
1346 1334 1365 1369 ,
1419 1278 1567 1353 sata
1596 1335 1614 1369 ‚
1669 1296 1747 1354 et
1786 1280 2351 1383 Philosophiam
2397 1288 2501 1356 ita
2548 1283 3061 1383 depinxerunt
3103 1339 3123 1375 ,
3190 1300 3280 1358 ut
3325 1287 3614 1384 ingenii
3668 1287 3788 1360 sui
3841 1288 4139 1360 somnia
4171 1312 4216 1357 a
4267 1310 4444 1358 ma-

1054 1455 1106 1492 ,‚
1164 1407 1332 1501 gnis
1392 1406 1550 1477 istis
1609 1407 1806 1478 Viris
1846 1404 2179 1505 profecta
2212 1405 2692 1497 viderentur,
2771 1431 2966 1506 quae
3020 1423 3275 1481 tamen
3315 1460 3337 1495 ,
3420 1410 3865 1481 accuratiori
3919 1408 4270 1480 examine
4329 1431 4452 1480 ex-

1056 1577 1108 1613 „
1168 1551 1426 1613 cussa,
1484 1551 1645 1601 non
1690 1545 2040 1627 suspecta
2083 1545 2387 1604 tantum
2426 1529 2789 1604 videntur
2829 1581 2855 1618 ,
2928 1530 3056 1603 sed
3127 1547 3203 1605 et
3248 1528 3574 1627 falsa.’'
3669 1535 3918 1629 Atque
3969 1552 4136 1601 eam
4193 1527 4444 1626 vafri·

1046 1653 1232 1720 ciem
1290 1650 1756 1750 l'orphyri0‚
1809 1668 1986 1727 ante
2027 1681 2298 1731 omnes
2345 1656 2571 1744 alios,
2625 1656 3018 1755 propriam
3066 1654 3293 1730 fuisse
3348 1667 3747 1754 putamus:
3803 1657 4147 1751 Namque
4178 1651 4446 1725 Libros

1048 1770 1259 1862 illos,
1314 1798 1509 1870 quos
1583 1777 2021 1851 Historiam·
2075 1778 2646 1875 Philosophiae
2703 1780 3149 1878 inscripsit,
3226 1803 3386 1851 non
3451 1775 3599 1849 alio
3668 1778 3928 1848 animo
3994 1799 4244 1874 neque
4299 1774 4444 1847 alit

1042 1893 1432 1971 voluntate
1469 1901 1867 1997 {scripsisse
1916 1902 2255 1992 videtur,
2314 1907 2458 1976 nisi
2508 1918 2599 1976 ut
2657 1901 2838 1974 alias
2875 1907 3239 1974 Veterum
3297 1915 3534 1973 sectas
3583 1912 3886 1970 tantum
3939 1898 4440 1997 deprimeret,

1044 2032 1497 2119 tantumque
1585 2023 2056 2121 reliquorum
2162 2024 2806 2124 Philosophorum
2883 2021 3196 2096 famam·
3252 2022 3608 2093 laceraret
3687 2044 3775 2091 ac
3859 2017 4440 2106 conscinderet,

1040 2156 1418 2239 quantum
1470 2169 1714 2214 unum
1756 2145 2255 2241 Pythagoram
2310 2165 2700 2241 unamque
2743 2141 3093 2213 Scholam
3154 2138 3493 2209 Italicam
3563 2138 3958 2210 extolleret
3992 2190 4013 2229 ,
4078 2163 4164 2209 ac
4229 2139 4440 2211 velut

1024 2262 1249 2335 coelo
1305 2263 1703 2336 demissam
1765 2264 2227 2334 celebraret:
2301 2268 2607 2361 Quippe
2669 2259 2748 2331 id
2817 2258 2910 2331 ad
2979 2259 3386 2357 vafritiem
3465 2262 3686 2331 istam
3726 2314 3749 2349 ,
3835 2258 3930 2332 de
4002 2283 4155 2358 qua
4209 2261 4444 2334 mode

1037 2383 1390 2459 Bruckeri
1437 2386 1662 2457 verba
1717 2382 2372 2474 describehamus‚
2441 2386 2776 2457 maxime
2845 2379 3326 2456 referendum
3387 2380 3848 2455 arbitramur
3881 2435 3907 2469 ,
3982 2382 4193 2481 quod
4260 2388 4437 2456 Am·

1037 2511 1281 2581 monii
1321 2515 1583 2581 Saccae
1636 2532 2095 2582 successores
2147 2506 2622 2583 Platonicos
2668 2531 2746 2582 se
2785 2509 3244 2581 recentiores
3306 2504 3700 2594 dicerent,
3755 2508 3894 2608 qui
3935 2532 3993 2580 -a
4025 2512 4276 2598 ‘reteri
4336 2525 4442 2584 ta-

1038 2657 1219 2704 men
1277 2631 1667 2708 Academi-:1
1719 2646 1966 2704 essent
2019 2630 2508 2718 alienissimi,
2565 2635 2854 2732 quique
2899 2657 3149 2704 unum
3207 2629 3707 2731 Pythagoram
3739 2680 3761 2720 ,
3847 2644 3938 2703 ut
3987 2627 4287 2707 divinae
4325 2658 4440 2707 sa-

1037 2757 1368 2856 pientiae
1442 2771 1879 2844 auctorem,
1948 2755 2335 2843 colentes,
2422 2756 2818 2829 Platonem
2897 2756 3382 2856 Platonisque
3439 2768 4006 2854 praeceptorem
4053 2760 4443 2854 Socratem

1036 2878 1439 2951 calumniis
1498 2893 1936 2979 premerent
1990 2894 2065 2952 et
2106 2879 2339 2954 livida
2374 2879 2927 2954 obtrectatione
2971 2894 3650 2982 persequerentur.
3755 2879 4059 2950 Etenim
4107 2877 4442 2949 Philoso-

1034 3001 1370 3103 phorum
1414 3003 1564 3078 sata
1610 3020 1837 3103 atque
1891 3002 2114 3078 effata
2161 3030 2321 3079 non
2382 3003 2586 3078 ultra
2629 3003 3023 3078 Platonem
3083 2979 3134 3076 a⁴
3175 3004 3600 3104 Porphyrio
3671 3015 4013 3072 enarrata
4071 2997 4432 3086 fuerunt,

1035 3130 1170 3225 qui
1212 3130 1463 3227 primo
1510 3128 1915 3201 Historiae
1958 3126 2575 3229 Philosopliicae
2635 3127 2867 3202 Libro
2923 3128 3416 3227 Pythagoram
3485 3145 3709 3193 suum
3760 3117 4141 3201 laudavit3
4196 3117 4436 3189 altero

1030 3252 1347 3325 forsitan
1394 3254 1609 3348 (nam
1664 3252 1864 3325 ultra
1919 3253 2431 3348 conjecturam
2464 3305 2487 3334 ‚
2543 3248 3066 3318 deficientibus
3107 3241 3565 3314 testimoniis
3611 3254 3844 3333 atque
3892 3234 4232 3322 indiciis,
4273 3263 4443 3338 pro-

1029 3375 1240 3476 gredi
1287 3402 1451 3451 non
1513 3376 1724 3469 licet)
1768 3372 2093 3445 Thaletis
2146 3391 2230 3437 ac
2277 3371 2534 3438 Sectae
2587 3367 2890 3436 Ionicae
2948 3386 3069 3433 res
3132 3375 3209 3430 et
3273 3358 3690 3431 sententias
3739 3361 4148 3457 exposuit3
4215 3365 4441 3437 tertio

1031 3500 1443 3574 certissime
1490 3500 1871 3569 Socratem
1907 3544 1929 3580 ,
2000 3500 2278 3586 quarto
2338 3485 2736 3559 Platonem
2789 3509 2937 3585 pro
2999 3479 3379 3557 scribendi
3441 3496 3894 3580 argumento
3961 3480 4282 3574 habuit3
4336 3486 4441 3557 ita

900 3606 907 3615 ’
1032 3638 1290 3699 autem
1348 3619 1619 3694 habuit
1653 3671 1674 3708 ,
1724 3631 1814 3689 ut
1869 3615 1953 3686 in
2010 3610 2207 3683 Vita
2276 3607 2588 3708 quidem
2635 3606 3160 3708 Pythagorae
3208 3616 3484 3679 cuncta
3539 3603 3633 3677 ad
3687 3602 3996 3679 laudem
4042 3618 4271 3705 atque
4315 3607 4439 3679 ad·

1032 3747 1524 3821 mirationem
1591 3740 1835 3827 illius,
1888 3737 2118 3810 etiam
2178 3731 2379 3808 ultra
2429 3733 2621 3808 illud
2663 3731 2874 3834 quod
2937 3728 3327 3834 probabile
3373 3742 3533 3819 est,
3587 3731 4044 3827 augerentur
4098 3744 4176 3801 et
4223 3753 4440 3826 exag-

1036 3880 1534 3968 gerarentur-3
1584 3867 1670 3935 in
1722 3861 1927 3935 Vitis
1973 3875 2228 3933 autem
2285 3858 2760 3959 reliquorum
2811 3853 3439 3951 Philosophorum
3469 3900 3493 3937 ,
3534 3872 4034 3947 quaecunque
4075 3848 4436 3922 indecora

1038 3991 1189 4064 illis
1235 4002 1483 4062 essent
1536 4007 1814 4079 eosque
1858 3984 1941 4050 in
1983 3994 2462 4047 contemtum
2517 3978 3031 4066 adducerent,
3103 3971 3484 4047 cumulate
3519 3969 4070 4071 proferrentur.
4186 3971 4272 4043 ld
4310 3972 4446 4046 sal-

1041 4125 1244 4194 tem,
1298 4124 1543 4198 quum
1616 4095 1830 4166 nulla
1889 4092 2274 4192 supersint
2344 4117 2435 4165 ex
2500 4094 2732 4171 Libro
2800 4097 3137 4172 secundo
3177 4153 3199 4188 ,
3271 4120 3644 4197 perpauca
3717 4120 3807 4167 ex
3864 4094 4096 4169 Libro
4169 4111 4444 4194 quarto

1043 4233 1491 4325 Fragmenta
1522 4273 1545 4312 ,
1615 4216 1964 4318 colligere
2045 4214 2217 4290 licet
2290 4245 2382 4293 ex
2454 4223 2547 4294 iis
2596 4275 2618 4313 ,
2697 4245 2894 4320 quae
2956 4245 3048 4291 ex
3124 4221 3318 4295 Vita
3389 4216 3736 4291 Socratis
3799 4218 4003 4319 apud
4074 4220 4442 4319 Cyrillum

1044 4345 1644 4429 Alexandrinum
1692 4358 1769 4417 et
1808 4338 2367 4419 Theodoretum
2416 4348 2654 4445 petita
2719 4346 3210 4443 reperiuntur
3249 4397 3273 4435 ,
3343 4343 3603 4417 omnia
3664 4341 4042 4439 ejusmodi
4082 4356 4169 4415 ut
4215 4342 4446 4411 veris-

1048 4469 1555 4577 simebitidem
1604 4474 2153 4547 Baucxrnus
2228 4468 2335 4568 (8)
2387 4468 2658 4545 dixisse
2717 4466 3097 4560 videatur,
3156 4476 3212 4515 ‘⁴
3266 4469 3622 4567 iniquam
3675 4470 3837 4564 ejus
3882 4470 3968 4537 in
4007 4460 4445 4537 :Socratem

1170 4746 1262 4829 (7)
1323 4744 1493 4809 Htse.
1550 4744 1705 4811 orie.
1752 4743 1932 4807 Phil.
1956 4732 2123 4805 ’nise
2156 4744 2421 4806 rraenm.
2465 4751 2525 4829 ς.
2560 4746 2620 4808 s.
2656 4762 2791 4826 pag.
2849 4740 2943 4807 ιε.

1173 4852 1263 4934 (8)
1319 4851 1500 4919 Hisc-
1543 4850 1794 4917 Philos-
1837 4854 2024 4914 Temo
2066 4851 2116 4912 1.
2150 4869 2288 4932 pag.
2338 4852 2476 4917 5234
