5038 5975
990 451 1155 547 «M
1846 415 2746 544 Lacr1onss
2881 455 3683 549 ΑΤΤῙΟΑΕ.Μ

616 641 838 802 ,ε’-ἓως
883 639 1371 755 1J0'legendos
1422 652 2106 762 intelligendosque
2151 667 2577 764 superiores
2627 683 2788 740 erat
2836 670 3286 760 necessaria,
3347 678 3407 714 “
3458 689 3601 770 pro
3662 667 3787 760 ea,
3842 666 4034 771 quae
4091 671 4413 753 humani

676 806 687 822 ·
747 761 763 779 ”
808 758 867 836 -“
1000 829 1074 867 2„
1132 782 1414 878 ingenii
1474 795 1587 854 est
1652 782 1757 881 (3)
1820 784 2264 878 infirmitas,
2316 793 2565 888 prima
2606 792 3075 893 corruptelae
3129 795 3418 866 semina
3472 773 3705 867 literis
3755 792 4170 884 adferebat:
4219 805 4412 873 'Nam

1015 953 1075 992 „
1129 904 1635 978 Grammatica
1673 906 2089 981 subtilitate
2126 912 2429 1008 ingenia
2483 927 2872 989 attenuata
2925 920 3118 990 etin
3163 933 3566 1017 angustum
3617 931 3988 991 coarctata
4040 918 4133 992 ad
4167 925 4417 995 minu·

1014 1076 1073 1112 „
1131 1028 1267 1102 tias
1318 1042 1393 1100 et
1438 1031 1701 1102 inanes
1748 1034 2072 1130 argutias
2124 1029 2443 1109 deducta
2482 1033 2742 1111 suntss'
2842 1041 3069 1132 Quod
3115 1044 3181 1114 si
3221 1043 3392 1140 quis
3436 1040 3621 1114 haec
3670 1056 4016 1140 tempora
4066 1061 4413 1143 quaerat,

1012 1147 1296 1245 quibus
1352 1152 1577 1225 talem
1631 1155 1876 1230 status
1930 1161 2500 1232 conversionem
2547 1173 2774 1261 atque
2814 1160 3395 1236 'inclinationem
3448 1163 3697 1237 studia
3751 1141 4247 1250 humanitatis
4297 1194 4422 1240 ex·

1015 1287 1229 1371 perta
1272 1290 1487 1365 sunt,
1542 1278 1676 1374 (ut
1720 1283 1997 1355 nostris
2039 1301 2181 1353 nos
2239 1282 2666 1356 studiorum
2723 1286 3100 1385 politioris
3157 1287 3654 1361 humanitatis
3695 1288 4044 1361 cancellis
4097 1293 4416 1364 circum·

1010 1394 1483 1495 scribamus)
1538 1403 1711 1498 quis
1777 1404 2122 1502 negabit,
2179 1405 2385 1479 illam
2432 1408 3057 1499 inclinationem,
3114 1433 3308 1506 quae
3365 1411 3452 1481 in
3501 1411 3807 1480 ruinam
3853 1412 4008 1506 jam
4055 1435 4418 1510 praeceps

1016 1530 1128 1587 est
1152 1545 1183 1606 ,·
1229 1520 1309 1589 in
1368 1522 1726 1597 omnibus
1780 1528 2125 1624 quotidie
2190 1530 2580 1601 literarum
2649 1529 3071 1630 disciplinis
3125 1555 3166 1603 a
3222 1529 3446 1604 nobis
3508 1532 3875 1633 spectari,
3947 1535 4081 1630 qui
4134 1531 4227 1605 ab
4283 1535 4414 1608 illo

1008 1640 1310 1711 saeculo
1344 1695 1365 1731 ,
1420 1645 1633 1742 quod
1686 1646 2094 1746 Scaligeros
2158 1652 2334 1724 tulit
2366 1706 2387 1742 ,
2457 1667 2534 1726 et
2582 1631 3048 1752 Stephanos,
3102 1669 3178 1726 et
3223 1654 3746 1746 Casaubonos,
3802 1653 4012 1754 quod
4053 1660 4404 1744 GrotiOS,

1010 1759 1397 1854 Heinsios‚
1451 1768 1886 1852 Salmasios,
1943 1773 2151 1871 quod
2194 1778 2492 1848 Vossios
2527 1788 2607 1847 et
2667 1778 3137 1868 Gronovios,
3192 1779 3657 1852 immensum
3705 1792 4082 1877 quantum
4131 1777 4410 1850 defeci-

1016 1909 1190 1958 mus
1233 1902 1307 1959 et
1356 1891 1436 1960 in
1494 1890 1653 1968 dies
1699 1897 1933 1992 magis
1976 1900 2365 2002 magisque
2412 1897 3013 1996 degeneramus?
3061 1901 3254 1991 Quis
3290 1898 3640 2004 negabit,
3693 1899 3890 1972 idem
3939 1899 4413 1998 eloquentiae

1013 2005 1254 2081 satum
1310 2009 1537 2086 fuisse
1569 2068 1590 2103 ,
1660 2018 1970 2114 quando
2035 2018 2366 2089 Tullium
2406 2073 2427 2106 ,
2506 2021 2998 2092 Hortensium
3036 2075 3056 2108 ,
3139 2025 3522 2093 Caesarem
3560 2075 3580 2112 ,
3653 2022 4034 2110 Coelium,
4087 2027 4405 2092 Brutum

1015 2151 1477 2232 exceperunt
1538 2159 1699 2207 non
1766 2149 2067 2210 tantum
2119 2141 2411 2212 Asinius
2477 2139 2715 2213 Pollio
2750 2196 2770 2230 ,
2854 2139 3163 2215 Messala
3215 2146 3587 2217 Corvinus
3619 2198 3639 2233 ,
3703 2145 3994 2216 Cassius
4047 2149 4401 2234 SeveruS,
4465 2205 4486 2230 ,

1010 2254 1142 2327 sed
1189 2256 1410 2355 longe
1469 2257 1875 2334 deteriores
1925 2265 2151 2332 etiam
2228 2261 2628 2335 calamistri
2690 2268 3140 2339 Maecenatis
3190 2281 3266 2338 et
3332 2268 3659 2339 tinnitus
3722 2265 4131 2355 Gallionis;
4199 2263 4404 2337 idem

1012 2377 1252 2452 fatum
1310 2380 1607 2454 divinae
1658 2379 1881 2455 fuisse
1926 2387 2274 2475 Poeseos‚
2328 2384 2640 2483 qua-ndo
2698 2407 2893 2484 pura
2946 2402 3025 2457 et
3075 2387 3395 2459 candida
3455 2387 3793 2487 Virgilii,
3847 2389 4136 2461 Horatii
4161 2439 4188 2479 ,
4244 2390 4408 2459 Ovi-

1010 2501 1161 2596 dii,
1217 2502 1531 2594 Tibulli,
1587 2508 1799 2579 Musa
1850 2497 2103 2580 locum
2154 2511 2372 2581 cessit
2411 2506 2699 2581 inflatis
2747 2510 3081 2581 nimium
3113 2522 3206 2581 et
3259 2506 3570 2580 tumidis
3619 2513 4146 2599 Annaeorum,
4201 2511 4408 2609 Papi-

1008 2630 1120 2699 nii
1174 2630 1423 2718 Statii,
1474 2611 1991 2731 similiumque
2026 2630 2538 2706 carminibus?
2584 2663 2688 2690 ω-
2733 2633 2923 2723 Quis
2979 2630 3284 2730 negabit
3321 2630 3653 2731 denique
3680 2688 3701 2724 ,
3756 2658 3853 2705 ne
3884 2656 4022 2729 per
4066 2632 4403 2731 singula,

1012 2749 1292 2849 triplici
1340 2749 1481 2823 hac
1518 2766 1803 2844 aetate,
1854 2779 2136 2853 genera
2182 2753 2485 2829 dicendi
2525 2779 2925 2856 vagemur,
2980 2791 3070 2815 u-
3115 2757 3290 2855 quis
3336 2753 3681 2853 negabit,
3731 2768 4138 2856 postquam
4181 2753 4412 2826 Athe-

1007 2876 1169 2964 nis,
1227 2891 1602 2975 regnante
1638 2877 1916 2952 Pericle
1968 2879 2227 2977 (nam-
2279 2881 2877 2970 Democratiam‚
2931 2903 3127 2980 quae
3186 2877 3499 2968 dicitur,
3554 2883 3870 2977 imperio
3933 2882 4158 2947 unius
4204 2901 4404 2947 com-

1000 2997 1231 3071 mode
1283 3001 1429 3072 nisi
1486 2981 1940 3101 temperari,
1994 3002 2200 3078 flecti
2255 3018 2509 3077 tamen
2558 3018 2635 3077 et
2655 3050 2687 3096 -,
2755 3018 3116 3077 manente
3159 3004 3526 3093 nomine,
3582 3000 3929 3098 infringi,
3978 3003 4130 3097 jam
4169 3022 4405 3073 neme

1009 3123 1288 3193 nostris
1352 3122 1470 3193 his
1532 3123 2007 3221 temporibus
2058 3126 2398 3222 dubitat)
2466 3158 2574 3184 --
2651 3148 2830 3195 mox
2887 3127 2968 3194 in
3037 3122 3479 3197 Macedonia
3543 3138 3619 3197 et
3696 3125 4041 3196 universa
4104 3122 4412 3196 Graecia

1005 3221 1433 3342 imperante
1464 3242 1865 3344 Philippo,
1921 3252 2175 3318 omnis
2214 3246 2543 3317 liberalis
2593 3245 2980 3335 doctrina,
3032 3245 3415 3319 scribendi
3459 3244 3808 3337 facultas,
3860 3262 3937 3318 et
3975 3245 4409 3344 eloquentia

1004 3364 1099 3435 ad
1160 3387 1547 3434 summum
1618 3365 1999 3463 fastigium
2062 3366 2623 3442 adscendissent
2658 3422 2681 3460 ,
2760 3366 2941 3440 huic
3019 3383 3175 3441 tam
3242 3367 3500 3460 felici,
3583 3385 3734 3441 tam
3787 3368 4063 3442 illustri
4112 3366 4405 3442 saeculo

1004 3486 1436 3558 successisse
1494 3483 1700 3561 aliud
1733 3543 1753 3580 ,
1837 3495 1894 3533 “
1943 3491 2157 3588 cujus
2205 3493 2538 3564 interior
2599 3506 2673 3564 et
2741 3490 3152 3564 notabilior
3208 3488 3502 3563 indoles
3551 3507 3720 3565 erat
3776 3491 4062 3590 (verbis
4128 3494 4400 3561 iterum

998 3661 1057 3699 ,‚
1114 3614 1435 3683 linum
1489 3608 1593 3708 (4)
1648 3594 1983 3687 nostram
2026 3638 2336 3714 quoque
2373 3614 2985 3716 qualemcunque
3027 3610 3472 3713 opinionem
3519 3615 4070 3715 expromimus)
4121 3616 4401 3695 mirum

998 3786 1054 3823 „
1112 3734 1446 3839 aliquod
1490 3738 1788 3812 multae
1820 3755 1908 3813 ec
1934 3746 2221 3812 variae
2261 3740 2669 3812 doctrinae
2725 3738 3105 3824 studium,
3161 3736 3369 3834 quod
3425 3740 3684 3809 omnia
3742 3740 4043 3832 ingenia
4088 3755 4401 3829 occupa-

996 3911 1057 3947 „
1113 3880 1347 3938 verat.
1462 3859 1764 3935 Ouriosi
1808 3887 1969 3935 esse
2009 3860 2422 3934 malebant
2455 3882 2700 3955 quam
2742 3863 3142 3958 ingem'osi.
3193 3890 3300 3914 -κ
3347 3861 3610 3956 ltaque
3674 3881 3939 3930 omnes
4002 3853 4154 3927 fere
4202 3853 4401 3926 illius

999 4033 1057 4070 ,‚
1114 3984 1391 4059 saeculi
1457 3978 1813 4052 homines
1885 3980 2271 4076 ingeniosi
2327 3979 2573 4051 varici
2637 3996 2722 4051 ec
2779 3983 3092 4080 copiosa
3145 3982 3518 4057 doctrina
3579 3978 3871 4054 nobiles
3921 3978 4129 4054 fuere
4162 4031 4183 4069 ,
4258 3975 4410 4075 qut

1079 4318 1166 4397 (3)
1207 4321 1269 4386 d.
1310 4319 1350 4377 Ι.
1391 4329 1525 4395 pag.
1570 4314 1701 4385 tol..
4321 4368 4334 4377 .

1086 4425 1174 4507 (4)
1213 4428 1274 4485 d.
1326 4426 1368 4482 1.
1433 4437 1569 4498 pag.
1627 4420 1724 4479 82.
1806 4414 1969 4479 Aeri
2019 4419 2177 4503 (pag.
2243 4421 2367 4503 98.)
2428 4422 2586 4485 idem
2635 4414 2939 4490 nunnus.
3045 4450 3072 4483 e
3112 4426 3318 4507 Itaque
3378 4424 3477 4488 illa
3542 4424 3730 4489 aetate
3793 4426 4108 4485 multorum
4170 4424 4407 4501 ingenia

1278 4536 1328 4605 ‘„
1368 4525 1627 4589 exercuit
1656 4523 2111 4607 ·Polyla’scon'a
2153 4527 2348 4605 aliqua
2375 4571 2393 4602 ,
2430 4528 2857 4613 Polyma‘tln'a
2878 4577 2904 4605 ,
2947 4546 3005 4592 et
3043 4532 3414 4614 Pln‘lologia
3433 4556 3460 4609 ,·
3504 4535 3759 4610 dictique
3799 4532 3882 4588 illi
3931 4527 4365 4587 Grammacici
4375 4570 4403 4600 ,

1290 4674 1331 4708 ,‚
1368 4652 1625 4711 quorum
1682 4632 1877 4691 studia
1924 4645 2053 4691 tum
2108 4634 2270 4692 suere
2316 4635 2489 4694 valde
2539 4639 2731 4710 clara,
2775 4656 3094 4716 eorumque
3147 4657 3427 4697 numerus
3463 4639 3705 4716 ingens,
3745 4652 3852 4692 nec
3889 4634 4001 4692 fuit
4043 4633 4210 4692 facile
4256 4636 4411 4711 quiss

1289 4780 1330 4811 ,‚
1372 4756 1548 4813 quam
1606 4746 1711 4797 aut
1760 4735 2142 4814 Philosophus
2167 4781 2188 4811 ‚
2250 4750 2353 4799 aut
2407 4743 2857 4803 Mathematicus
2889 4784 2909 4815 ,
2974 4756 3078 4802 aut
3141 4744 3290 4802 alius
3349 4745 3556 4805 doctu·
3618 4743 3795 4800 homo
3832 4780 3850 4812 ,
3916 4738 4021 4816 qui
4087 4758 4208 4798 non
4264 4745 4409 4813 epae!

1271 4846 1331 4915 ‘„
1372 4840 1828 4901 Grammaticus:
1872 4842 2040 4901 Adeo
2102 4846 2284 4903 multa
2332 4845 2505 4905 lectio
2531 4885 2550 4920 ,
2590 4848 3000 4929 variarumque
3057 4848 3326 4929 inprimis
3380 4851 3704 4926 priscarum
3759 4864 3959 4908 rurum
4013 4842 4301 4923 cognitio,
4342 4840 4408 4896 1¹¹

1293 4986 1336 5025 „
1366 4948 1545 5010 ‘laude
1587 4954 1647 5007 et
1689 4945 1912 5007 honore
1954 4944 2335 5010 habebatur?⁶
2749 4930 2758 4940 ⁸
