5038 5975
716 775 787 857 52·
825 774 919 841 15.

1042 503 1183 604 ff:
1828 506 2740 579 LECTroNEs
2881 507 3649 584 Arrtcsm.

960 736 976 755 ·
1043 749 1107 790 ,‚
1153 713 1322 801 pet,
1372 698 1674 772 necesie
1709 714 1860 787 est,
1914 698 2125 772 hanc
2167 724 2327 775 esse
2361 698 2774 773 laudatam
2804 718 3160 802 gentem.-
3215 706 3586 804 Namque
3630 701 3851 774 mula·
3883 720 4111 776 erunt
4137 702 4454 778 laudati

1056 876 1116 915 „
1173 820 1526 895 homines
1549 876 1574 909 ,
1640 826 1707 893 si
1756 822 1855 893 de
1897 848 2181 923 genere
2230 822 2636 895 homin-um
2681 840 2973 923 agatur
3014 826 3327 925 aliquo;
3381 834 3504 899 sin
3553 828 3652 897 de
3688 852 3971 927 genere
4027 852 4443 924 equorum,
4475 890 4490 903 .

1052 999 1114 1039 „
1170 947 1349 1044 equi
1354 969 1386 1032 ,⁶
1432 960 1517 1015 et
1550 944 1651 1016 de
1687 952 2007 1017 caeteris
2049 944 2580 1019 animantibus
2613 946 2965 1021 similiter
2976 974 3010 1037 ,⁸
3057 953 3176 1020 ita·
3211 967 3300 1022 ut
3338 952 3636 1050 optima
3676 974 3849 1021 cum
3900 954 4237 1037 ratione,
4287 974 4494 1022 non0

1049 1120 1109 1158 „
1163 1073 1298 1168 qui
1353 1067 1619 1140 divites
1673 1075 1868 1155 sint,
1941 1093 2190 1169 neque
2246 1076 2379 1169 qui
2442 1067 2792 1141 bonitate
2845 1088 3280 1170 praestent,
3324 1099 3472 1172 pm
3530 1071 3919 1146 nobilibus
3969 1071 4496 1159 habeantur„.

1049 1242 1112 1279 „
1168 1188 1309 1262 sed
1339 1196 1472 1289 qui
1511 1198 1662 1263 orti
1702 1198 1861 1263 sint
1892 1217 1996 1264 ex
2036 1189 2459 1288 majoribus
2505 1190 2825 1293 alongo
2880 1194 3066 1265 inde
3105 1211 3444 1295 tempore
3481 1192 3839 1266 divitibus
3879 1211 4029 1267 aut
4061 1221 4165 1267 ex
4204 1200 4458 1291 majo--⁸

1050 1364 1108 1401 ‚,
1165 1311 1375 1393 ribus
1401 1317 1586 1410 jam
1625 1321 2050 1414 antIquitns
2093 1312 2356 1386 bonis:
2402 1315 2642 1393 Ratio
2681 1322 2894 1387 enim
2903 1356 2934 1403 ,-
2985 1318 3179 1417 quid
3213 1310 3490 1390 verunt
3530 1323 3664 1402 sit,
3708 1323 4031 1416 quaerit.
4136 1317 4459 1389 Princi-
4497 1368 4506 1375 -

1046 1485 1107 1522 ‚,
1151 1439 1377 1537 pium
1427 1442 1705 1537 quippe
1751 1461 2010 1508 rerum
2050 1445 2404 1509 omnium
2440 1439 2626 1510 inde
2674 1438 2780 1512 ab
2823 1447 3128 1540 origiue
3170 1458 3286 1513 est
3334 1440 3866 1539 repetendum>
3955 1441 4232 1538 Neque
4261 1464 4453 1512 vero

1047 1606 1109 1644 „
1166 1553 1320 1627 hoc
1356 1565 1549 1631 satis
1597 1576 1750 1647 est,·
1803 1584 2317 1660 nam-neque
2346 1569 2479 1660 qui
2526 1561 2753 1634 bonis
2788 1541 3217 1661 major-ibus
3266 1569 3428 1634 sint
3446 1568 3864 1663 prognati,
3906 1567 4230 1634 omnino
4278 1578 4462 1635 sunt

1048 1727 1109 1765 „
1163 1677 1494 1768 nobiles,
1554 1684 1697 1755 sed
1750 1691 2188 1789 quicunqne
2230 1690 2371 1785 ipsi
2433 1709 2686 1757 novae
2729 1692 3022 1786 stirpis,
3061 1692 3466 1784 masorum
3517 1691 3808 1773 instar,
3866 1690 4028 1758 sint
4071 1701 4444 1757 auctores.
4487 1746 4496 1753 .

1047 1848 1111 1886 ,‚
1174 1800 1370 1873 Cum
1418 1809 1589 1903 quis
1632 1810 1874 1905 igitur
1906 1813 2065 1905 ipse
2098 1807 2413 1904 quidem
2456 1813 2564 1877 sit
2603 1806 2882 1893 bonus,
2938 1833 3187 1907 neque
3230 1826 3498 1879 tamen
3538 1806 3750 1881 lianc
3789 1825 4126 1880 naturae
4166 1806 4516 1880 habeat.-

1051 1971 1115 2007 „
1143 1919 1621 2016 facultatem
1638 1981 1662 2015 ,
1705 1943 1798 1998 ut
1825 1934 2253 2028 progignat
2285 1925 2567 1999 multos
2603 1928 2930 2016 similes,
2975 1936 3466 2033 principium·
3490 1939 3742 2032 gentis
3784 1938 3870 2003 in
3896 1930 4182 2003 talibus
4223 1937 4456 2003 istam
4539 2010 4564 2027 ,

1052 2092 1110 2128 „
1167 2053 1341 2118 vim
1385 2054 1711 2121 minime
1756 2048 2038 2137 habet;
2100 2066 2336 2148 atque
2383 2073 2488 2121 ea:
2543 2050 2686 2123 illa
2741 2070 2976 2151 gente
3033 2060 3206 2124 nati
3259 2078 3424 2124 non
3462 2070 3649 2124 sunt
3700 2052 3996 2126 nobiles
4026 2106 4051 2138 ,
4130 2060 4196 2124 si
4229 2069 4463 2151 pater

1060 2218 1118 2254 „
1176 2193 1447 2240 eorum
1500 2177 1607 2242 stt
1652 2172 2023 2258 nobilis,
2050 2172 2191 2243 sed
2236 2178 2302 2243 si
2345 2178 2699 2271 princeps
2757 2190 2998 2272 atque
3055 2191 3338 2246 auctor
3386 2182 3685 2275 gentis:
3743 2178 3962 2252 Nam
4009 2193 4241 2275 pater
4291 2200 4455 2246 non

1060 2344 1120 2380 „
1179 2297 1337 2391 ipse
1384 2317 1535 2392 per
1583 2319 1681 2366 se
1692 2294 2005 2391 fortem
2045 2301 2339 2370 creavit
2378 2319 2480 2369 ac
2534 2293 2862 2385 bonum,
2920 2296 3064 2369 sed.
3103 2303 3304 2402 quia
3346 2324 3450 2371 ex
3485 2316 3790 2400 genere
3803 2301 4180 2435 ejusmodi
4222 2324 4298 2373 οι
4303 2324 4465 2399 igt-

1053 2464 1123 2506 μ
1168 2438 1352 2488 nem
1401 2414 1830 2491 duxerat?

1356 2762 1445 2865 §t'
1487 2768 1685 2838 xvl.
1755 2766 2126 2839 Universa
2172 2767 2273 2841 de
2311 2770 2616 2871 Διγαμίᾳ
2653 2768 2940 2843 Attica
2991 2789 3076 2843 et
3121 2768 3322 2843 binis
3374 2765 3722 2844 Socratis
3779 2770 4170 2845 Uxoribus

1326 2924 1337 2931 ·
1500 2890 2082 2993 argumentatio
2125 2890 2268 2965 sub
2320 2920 2480 2968 uno
2538 2909 2948 2993 conspectu
2983 2897 3448 2996 proponitur
3465 2919 3493 2979 ,·
3555 2894 4044 2987 alteriusque.

1632 3009 2175 3111 disputationis
2218 3016 2321 3087 de
2375 3023 2508 3103 iis,
2565 3019 2702 3114 qui
2760 3013 3170 3089 Socratem
3210 3014 3514 3109 δὶγψῖκς
3563 3031 3876 3083 accusa·
3925 3063 3942 3084 .

2018 3147 2203 3202 tunt
2220 3180 2248 3219 ,
2305 3131 2545 3210 brevis
2593 3132 2998 3231 descriptio
3046 3130 3486 3208 exhibetur.

1162 3486 1414 3559 Restat
1446 3534 1468 3575 ‚
1549 3495 1679 3574 ut,
1730 3507 1923 3582 quae
1979 3480 2285 3586 plenius
2332 3480 2930 3584 disputavimus,
2995 3477 3150 3579 jam
3208 3477 3561 3553 facilioris
3610 3477 4036 3555 intellectus
4083 3483 4316 3580 gratia
4375 3487 4455 3557 in

1054 3607 1481 3685 breviorem
1544 3631 1819 3707 gyrum
1896 3605 2473 3698 contrahamus,
2514 3621 2668 3699 -et‚
2736 3603 2948 3706 quod
2991 3602 3172 3678 inde
3219 3601 3564 3694 ducitur,
3622 3617 4151 3706 argumentum
4203 3610 4466 3706 paucis

988 3789 997 3800 .
1050 3730 1625 3826 concludamus.
1729 3736 2354 3808 Demonstratum
2413 3757 2457 3803 a
2516 3730 2737 3804 nobis
2794 3745 2905 3804 est
2932 3784 2952 3820 ‚
2987 3753 3250 3825 quum
3315 3726 3592 3799 Fabula
3651 3727 3742 3799 de
3796 3731 4116 3827 gemina
4191 3732 4460 3824 Uxor-e

1048 3853 1405 3930 Socratis
1450 3853 1737 3955 duplici
1802 3859 2094 3928 nitatur
2143 3854 2687 3939 fundamento,
2743 3866 2909 3922 tum
2957 3850 3260 3920 testium
3286 3902 3306 3938 ‚
3365 3863 3531 3920 tum
3584 3851 3903 3950 scriptae
3955 3852 4453 3942 auctoritatiS,

1049 4001 1152 4054 ue
1213 3976 1306 4048 de
1351 3978 1532 4075 ipsis
1572 3975 1884 4072 quidem
1945 3973 2312 4061 testibus,
2369 3969 2558 4070 quid
2603 3970 2882 4069 singuli
2937 3969 3306 4062 dixerint,
3361 3986 3753 4062 constare3
3808 3989 3978 4046 turn
4031 3974 4459 4046 testimonia

1058 4100 1259 4170 inter
1307 4119 1386 4168 se
1433 4117 1588 4166 esse
1649 4092 1981 4186 diversa,
2034 4097 2588 4195 repugnantia,
2631 4094 3084 4183 contraria;
3153 4091 3433 4166 factum
3498 4118 3677 4166 vero
3726 4097 3974 4195 ipsum
4032 4094 4455 4168 labefactari

1058 4216 1367 4292 silentio
1430 4213 1774 4290 aliorum
1756 4271 1811 4307 ,
1883 4232 1957 4288 et
2021 4220 2365 4292 universe
2416 4244 2554 4319 per
2603 4219 2958 4317 adjuncta
3015 4242 3100 4289 ac
3168 4221 3708 4318 consequentia
3753 4217 4042 4291 refelli·
4022 4246 4042 4309 3
4115 4240 4451 4319 pugnare

1064 4341 1249 4412 item
1305 4362 1484 4414 cum
1547 4337 1700 4413 fide
1762 4340 2129 4413 Historiae
2172 4396 2194 4432 ,
2274 4367 2495 4415 cum
2522 4343 2816 4415 ratione
2869 4342 3070 4414 Juris
3126 4341 3349 4414 Attici
3383 4393 3403 4432 ,
3478 4367 3651 4414 cum
3703 4342 4041 4415 moribus
4093 4344 4174 4409 in
4228 4361 4452 4408 scena

1062 4464 1302 4540 Attica
1351 4463 1837 4564 conspicuis;
1914 4462 2246 4564 denique
2308 4463 2513 4540 haud
2578 4465 2898 4539 dubium
2963 4489 3116 4538 esse
3152 4517 3172 4553 ‚
3229 4467 3740 4537 narrationem
3793 4464 4091 4534 illorum
4135 4462 4452 4532 testium

1064 4612 1243 4662 cum
1286 4590 1597 4662 veritate
1651 4612 2069 4688 congruere
2112 4614 2558 4690 nont-posse:
2615 4587 2841 4683 Quod
2885 4602 3138 4661 autem
3181 4587 3276 4660 ad
3320 4585 3698 4687 duplicem
3745 4586 4010 4656 attinet
4052 4587 4451 4655 auctorita·

1060 4727 1223 4804 ¹tem
1279 4711 1634 4810 scriptam
1669 4765 1689 4801 ‚
1744 4737 1919 4812 qua.
1951 4712 2268 4786 Fabulae
2337 4726 2669 4785 utuntur
2721 4713 3074 4802 Patroni,
3127 4726 3528 4811 utramque
3588 4710 3764 4810 ipsis
3817 4729 3976 4780 esse
4016 4705 4397 4779 adversam
4428 4758 4456 4794 ,

1075 4832 1447 4933 ejusmodi
1494 4833 1758 4908 saltem
1821 4834 1983 4909 illas
2032 4861 2185 4910 esse
2215 4879 2243 4926 ,·
2308 4850 2397 4908 ut
2441 4837 2996 4909 accusationem
3042 4835 3358 4906 minime
3407 4834 3785 4932 probent:
3842 4830 4168 4924 Quando
4219 4854 4400 4901 vero
4428 4881 4452 4918 ‚

1075 4943 1457 5034 ab‘aTterit
1503 4971 1760 5059 parte,
1817 4973 2203 5033 ostensum
2266 4985 2310 5031 a
2361 4956 2582 5045 nobis
2634 4974 2855 5031 antea
2908 4974 3019 5032 est
3053 5013 3073 5049 ‚
3145 4982 3234 5028 ex
3282 4959 3630 5032 universa
3687 4959 4158 5055 Antiquitate
4204 4952 4457 5025 nullos

1077 5081 1397 5154 omnino
1454 5084 1603 5164 nisi
1664 5083 2190 5183 Peripateticos
2247 5085 2467 5160 istam
2513 5080 2868 5169 Fabulam
2922 5080 3016 5157 ad
3069 5094 3408 5181 posteros
3458 5081 3875 5183 prodidisse
3903 5134 3924 5172 ‚
3997 5101 4314 5180 eamque
4364 5074 4512 5148 ab.-
