5038 5975
1022 501 1171 585 &36
1828 438 3744 589 LEc‘rloNEs⁰.lTT1CAE.·‘¹

605 706 835 773 steno
866 706 964 770 11·
1025 709 1249 783 cratis
1320 707 1400 781 in
1480 682 1860 780 Socratem
1935 710 2375 782 Orationem
2443 709 3074 783 animadverterat
3137 718 3312 784 vere
3369 712 3450 782 in
3509 708 4187 809 judicio'habitiim
4253 742 4428 793 non

1022 828 1291 922 fuisse,
1346 833 1633 951 quippe
1693 834 1774 904 in
1842 858 1994 932 qua
2045 835 2335 905 mentio
2404 847 2593 907 esset
2655 830 2846 906 facta
2908 850 3309 907 murorum
3359 887 3382 922 ,
3456 859 3648 933 quos
3707 859 3835 909 sex
3891 834 4198 927 demum
4251 852 4424 935 post

1022 957 1345 1029 Socratis
1397 969 1721 1029 mortem
1779 980 2020 1029 annos
2066 962 2337 1028 Conon
2388 958 2959 1037 instauraverat.
3063 956 3151 1029 Id
3187 974 3432 1056 quu'm
3495 962 3829 1057 egregie,
3882 962 3997 1030 uti
4045 973 4204 1030 erat
4254 958 4425 1031 soli*-

1020 1090 1190 1169 tus,
1245 1075 1794 1152 demonstraret
1844 1083 2366 1153 Ricnannus
2413 1085 2887 1153 BEN-smnus
2941 1078 3149 1177 (37),
3210 1086 3263 1121 ‘⁶
3316 1083 3615 1152 veniam
3679 1081 4040 1178 longioris
4086 1079 4430 1155 subtilio-

1026 1255 1079 1295 ,‚
1131 1204 1386 1301 risque
1422 1201 1955 1300 disputationis
2005 1203 2236 1300 petit,
2289 1202 2662 1301 siquidem
2712 1208 2890 1274 novi
2937 1202 3132 1301 quic]
3169 1201 3350 1275 inde
3377 1203 3614 1277 lector
3641 1202 4043 1276 disceret:''
4093 1210 4186 1276 Et
4225 1218 4436 1277 certe

1020 1323 1258 1398 solida
1285 1326 1427 1424 ipsi
1460 1325 1695 1423 gloria
1735 1323 2093 1415 debetur,
2124 1324 2333 1422 quod
2383 1325 2651 1400 eodem
2692 1328 2835 1400 isto
2874 1340 3321 1424 argumento
3363 1324 3789 1397 luculenter
3815 1325 4284 1426 probaverit,
4313 1330 4428 1403 uti
4540 1345 4548 1349 ’

1018 1444 1418 1544 Epistolae
1467 1443 1923 1520 Socraticae
1968 1449 2046 1518 in
2093 1450 2535 1521 uuiversum
2580 1474 2725 1549 pro
2773 1448 3120 1522 confictis
3167 1446 3429 1520 haberi
3467 1446 3837 1535 debeant,
3885 1451 3994 1520 sic
4041 1474 4430 1523 commen·

972 1571 1259 1641 ,titiam
1298 1584 1373 1641 et
1409 1571 1876 1670 suppositam
1929 1594 2083 1643 esse
2112 1571 2525 1668 Epistolam
2575 1572 2944 1645 decimam
2989 1584 3338 1669 quartam
3364 1624 3387 1658 ,
3439 1592 3589 1667 qua
3631 1593 3884 1643 caussa
3931 1584 4005 1642 et
4049 1595 4255 1645 mors
4294 1578 4432 1644 So·-

1013 1692 1238 1763 cratis
1273 1691 1623 1791 pluribus
1664 1709 2195 1791 exponuntur:
2232 1693 2373 1765 Sed
2406 1696 2564 1792 jam
2606 1709 2782 1767 ante
2819 1693 3241 1790 Bentlejum
3295 1697 3743 1764 Hrmucns
3786 1698 4260 1782 VALnsms,
4293 1697 4428 1767 Vir

1007 1834 1421 1909 sanequam
1465 1838 1783 1910 magnus
1822 1814 1977 1909 (38)
2003 1869 2027 1903 ,
2078 1814 2640 1905 observaverat,
2697 1824 2758 1858 ‘⁶
2791 1816 2970 1889 falsa
3013 1840 3421 1915 esse,quae
3453 1818 3534 1887 in
3576 1820 4024 1914 afgumento
4053 1818 4446 1893 Orationi&

1019 1987 1073 2025 ,‚
1128 1938 1537 2007 Isocrateae
1577 1936 1674 2005 de
1723 1934 2232 2006 Lauclacione
2280 1936 2667 2009 Busiridis
2731 1939 3007 2037 scripta
3057 1953 3287 2029 sunt,
3359 1935 3613 2026 illam,
3670 1940 4078 2026 nimirum,
4133 1940 4425 2010 Oratio·

1018 2110 1072 2148 ‚,
1126 2052 1343 2147 nem,
1400 2057 1491 2129 de
1534 2083 1685 2159 qua
1726 2064 2058 2130 Socrates
2105 2060 2295 2155 agit,
2350 2062 2600 2154 Anyto
2638 2084 2722 2131 ac
2758 2059 3020 2132 Melito
3050 2086 3091 2131 a
3130 2060 3514 2157 Polycrate
3549 2082 3703 2131 esse
3729 2057 4374 2131 subministratam
4395 2111 4438 2143 ,ὴ

1019 2234 1073 2273 ,,
1126 2178 1221 2252 ab
1265 2180 1681 2278 iisdemque
1743 2182 1824 2251 in
1880 2178 2174 2252 Iudicio
2243 2183 2832 2278 pronunciatam
2911 2174 3088 2252 cum
3149 2186 3528 2254 Socratem
3597 2182 3863 2281 capitis
3920 2196 4356 2253 accusarent
4391 2224 4438 2271 »—

1021 2288 1424 2393 „tametsi
1486 2303 1943 2400 Hermippus
1996 2302 2272 2399 aliique
2326 2302 2406 2375 id
2452 2302 3008 2376 tradidissent.”
3111 2308 3466 2377 Ceterum
3513 2305 3684 2401 jure
3735 2305 3961 2375 etiam
4011 2328 4095 2374 ac
4143 2307 4428 2379 merito

1024 2428 1643 2499 existimaverunt
1670 2424 2041 2494 Henricus
2057 2421 2394 2496 Valesius
2421 2438 2497 2495 et
2521 2422 2938 2496 Richardus
2975 2427 3397 2520 Bentlejus,
3423 2430 3646 2498 istam
3683 2426 3972 2523 aliquot
4001 2428 4223 2498 annis
4251 2442 4424 2524 post

1017 2568 1281 2623 necem
1347 2547 1667 2618 Socratis
1723 2568 1765 2616 a
1816 2542 2200 2644 Polycrate
2256 2548 2613 2646 scriptam
2665 2543 2892 2620 fuisse
2950 2550 3386 2621 Orationem
3448 2546 3840 2620 exercendi
3908 2561 4135 2645 atque
4175 2563 4438 2621 osten--

1020 2669 1235 2744 tandi
1295 2670 1583 2769 ingenii
1636 2671 1931 2758 caussa,
1984 2670 2137 2741 sive
2186 2682 2276 2740 ut
2329 2667 2705 2742 facultatis
2746 2692 2924 2743 suae
2973 2673 3058 2742 in
3110 2669 3434 2742 dicendo
3490 2669 3918 2769 periculum
3965 2669 4267 2745 faceret.
4319 2712 4426 2731 --

1010 2798 1561 2869 ,Verumtamen
1602 2847 1633 2883 ,
1702 2806 1792 2866 ut
1841 2792 2084 2865 dicam
2132 2791 2344 2891 quod
2399 2796 2644 2867 sentio
2676 2849 2703 2886 ,
2771 2793 3195 2894 Polycrates
3246 2792 3638 2865 infamiam
3690 2819 3860 2866 non·
3897 2799 4350 2867 commeruit.
4393 2851 4442 2885 ,.

1018 2940 1212 3018 quae
1260 2916 1484 2994 ,illius
1546 2919 1852 2992 nomini:
1899 2940 1990 2989 ex
2056 2940 2312 2990 errore
2353 2920 2751 3019 Hermippi
2806 2916 3172 3009 inhaesit,
3225 2931 3594 3016 tanquam
3640 2919 3773 3014 qui
3824 2916 4156 3011 ejusdem
4230 2917 4442 2989 calu*

1018 3043 1275 3114 mniae
1317 3027 1492 3113 curn
1532 3044 1788 3139 Anyto
1829 3053 1905 3112 et
1958 3039 2222 3113 Melito
2276 3038 2537 3113 suisset
2593 3045 2882 3132 socius,
2959 3040 3439 3135 nefariasque
3488 3040 3647 3109 Viri
3700 3039 4089 3132 justissimi
4120 3090 4156 3136 ,-
4194 3040 4420 3110 etiam
4497 3115 4506 3122 ‚

1016 3177 1189 3264 post
1238 3160 1503 3235 ultima
1546 3160 1740 3254 fata,
1794 3177 2225 3236 accusator:
2281 3163 2624 3248 Etenim,
2679 3185 2842 3230 non
2887 3173 3186 3229 tantum
3224 3158 3538 3230 scelesto
3573 3156 3755 3228 huic
3794 3156 4203 3230 hominum
4253 3163 4438 3258 pari.

1012 3287 1164 3360 tela
1209 3285 1414 3360 haud
1456 3285 2056 3359 subministravit
2108 3283 2573 3381 Polycrate-553
2628 3280 2757 3354 sed
2797 3283 3056 3353 Oratio
3096 3281 3331 3380 ipsius
3369 3282 3452 3350 in
3501 3285 3878 3349 Socratem
3909 3332 3941 3364 ‚.
3985 3285 4443 3360 exercitatio·

1026 3411 1197 3481 licet
1240 3410 1695 3510 sophistica,
1748 3411 1851 3479 ita
1901 3407 2333 3506 conscripta
2375 3402 2598 3478 fuisse
2635 3403 2935 3476 videtur
2961 3456 2996 3491 ,.
3052 3418 3144 3473 ut
3186 3402 3714 3498 unusquisque
3777 3397 4012 3472 facile·
4050 3405 4440 3501 intellige—-

1022 3545 1183 3625 ret,
1237 3532 1549 3606 Rhetori
1596 3533 1834 3606 animi
1889 3531 2348 3606 sententiam
2400 3526 2626 3601 fuisse
2677 3525 2904 3628 plane
2943 3526 3402 3598 contrariam
3441 3525 3508 3594 ei
3543 3575 3563 3613 ‚
3617 3548 3850 3621 quam
3885 3524 4132 3600 verbis
4173 3525 4440 3596 desen„

1020 3656 1268 3747 (leret,
1318 3661 1425 3730 ita
1484 3673 1626 3748 ut,
1683 3657 1819 3757 qui
1865 3655 2390 3727 accusationis
2452 3653 2778 3751 speciem
2844 3675 3092 3724 sermo
3140 3646 3506 3737 haberet,
3555 3648 3809 3745 potius
3871 3643 4182 3720 illustris
4245 3646 4431 3719 1¹hi--
4493 3659 4498 3666 ‘

1016 3781 1319 3882 Iosophi
1373 3779 1573 3853 foret
1619 3780 1997 3852 laudatio.
2105 3779 2485 3851 Nimirum
2522 3774 2989 3871 Polycrates,
3043 3770 3230 3865 quid
3277 3772 3433 3865 ipse
3479 3769 3758 3842 valeret
3800 3771 3882 3839 in
3933 3783 4090 3840 arte
4137 3766 4431 3842 [theto--

1023 3908 1175 3980 rica
1243 3902 1607 3999 exemplis
1685 3902 2340 3970 demonstraturus
2377 3945 2395 3977 ‚
2444 3892 2893 3959 Orationem
2944 3890 3242 3986 scripsit
3269 3916 3413 3988 pro
3477 3873 3623 3980 'Cla
3625 3893 4146 3979 tamma,
4217 3915 4430 3990 quae·

1026 4025 1387 4103 maritum
1420 4018 1950 4102 interfecerat,
1985 4011 2205 4081 aliam
2232 4032 2375 4107 pro
2407 4003 2790 4080 illaudati)
2819 4008 3215 4098 Busiride,
3249 4011 3478 4086 aliam
3507 4014 3883 4114 denique
3853 4038 3938 4084 m
3955 4010 4435 4087 Socratem&

1026 4152 1313 4241 Atque,
1366 4140 1481 4208 uti
1531 4136 1855 4208 duarum
1907 4135 2250 4234 priorum
2300 4127 2483 4203 finis
2527 4141 2744 4222 erat,
2757 4135 2978 4205 vitia
3016 4132 3216 4208 falsis
3261 4135 3614 4210 laudibus
3655 4142 3998 4238 turpiora
4049 4137 4432 4227 reddere,

1026 4267 1131 4338 sic
1151 4274 1575 4362 postremae
1601 4255 2326 4362 propositumfuisse
2368 4254 2867 4344 arbitramur,
2907 4257 3284 4330 virtutem.
3311 4275 3526 4333 tanto
3562 4261 4051 4336 excellentius
4093 4287 4364 4336 ornare
4385 4314 4430 4351 ,.

1031 4396 1331 4485 quanto
1402 4388 1636 4484 magis
1724 4381 2105 4455 calumnia
2169 4384 2251 4454 in
2322 4379 2742 4454 accusando
2811 4397 3326 4482 spectaretur:
3403 4387 3584 4474 Quo
3635 4387 4000 4483 opposito
4059 4385 4266 4454 inter
4335 4407 4434 4454 se·

1030 4506 1439 4612 specimine
1481 4507 1904 4612 Polycrates
1947 4501 2415 4597 ostenderet,
2470 4529 2703 4608 quam
2756 4503 3102 4608 improbe
3157 4509 3273 4581 vir
3332 4509 3667 4609 optimus
3731 4501 4027 4580 dicendi
4093 4495 4436 4578 artificia

1112 4858 1237 4939 (37)
1278 4856 1516 4915 Dissert-
1556 4850 1639 4915 de
1677 4853 1878 4935 Epist.
1919 4851 2084 4913 Soet.
2129 4857 2182 4934 §2
2225 4856 2329 4912 V1.
2370 4872 2505 4931 pag.
2549 4852 3102 4934 68.ed.·1:ennep..

1118 4964 1244 5045 (38)
1283 4960 1365 5023 de
1409 4959 1647 5021 Cricica‘
1686 4961 1815 5019 Lib.
1856 4962 1907 5024 1.
1957 4963 2108 5036 Cap.
2152 4976 2240 5020 ιι.
2317 4958 2495 5028 Quod
2527 4959 2952 5018 tamenvalesti
2981 4957 3848 5039 bpmpowhnmnm'ignonnit
3886 4952 4216 5029 Betucius,
4257 4959 4433 5010 mo

1311 5067 1545 5156 demum
1597 5074 1773 5145 ι74ο
1807 5087 1844 5127 a
1886 5068 2057 5126 Petro
2098 5067 2433 5123 Bur-manno
2476 5062 2745 5123 Secundo
2778 5063 3020 5123 editum.
