5038 5975
1022 469 1129 569 95
1798 442 2755 543 ‘LECTI'ONES
2879 460 3674 597 ‘Armenes
3853 508 3892 535 .

618 667 840 731 Ιιοτιο
891 666 944 725 1.

612 746 621 759 “
674 754 739 841 ος.
786 742 884 807 15.
1024 756 1033 769 ‘
1986 752 2019 757 ““
2360 765 3106 821 ...ς’-..-

4587 1032 4658 1045 κῃ

577 1102 729 1164 Dm
801 1117 970 1163 mea-
1134 1036 1175 1070 ⁸
1226 1033 1564 1109 Omnino
1629 1047 1896 1105 autem
1955 1033 2048 1107 de
2122 1035 2529 1115 Nobilitate
2584 1038 2861 1113 dubius
2939 1037 3291 1141 equidem
3349 1032 3716 1112 lzaereo⁸²
3677 1091 3705 1129 ,
3781 1060 3976 1140 quos
4032 1041 4421 1144 appellare

581 1185 676 1243 eto
720 1122 948 1243 Zrius-
1029 1215 1087 1253 „
1142 1158 1447 1235 Nobiles
1516 1172 1887 1258 oporteat.
1994 1159 2274 1258 Neque
2322 1186 2518 1235 vero
2579 1162 2678 1236 de
2737 1162 2893 1237 hac
2947 1166 3130 1238 mea
3189 1186 3317 1235 me
3366 1162 3852 1237 dubitatione
3903 1168 4072 1237 sine
4119 1174 4424 1241 racione
4505 1158 4516 1177 ⁸

577 1262 943 1421 gangr&
1032 1339 1089 1375 „
1146 1286 1252 1357 sic
1313 1283 1572 1381 loqui,
1630 1296 1990 1378 apparet:
2039 1283 2412 1382 Namque
2463 1302 2547 1357 et
2607 1311 2665 1358 a
2716 1287 2956 1387 vulgo
3019 1303 3104 1359 et
3167 1312 3224 1357 a
3271 1283 3754 1385 sapientibus
3795 1282 3995 1359 haec
4046 1292 4130 1356 in
4183 1314 4428 1386 quae-

1036 1462 1092 1498 „
1146 1410 1475 1480 stionem
1525 1403 2057 1490 adducuntur;
2106 1403 2249 1477 illa
2302 1412 2557 1480 minus
2602 1410 3023 1483 traduntur
3051 1412 3443 1511 perspicue
3471 1430 3497 1477 .·
3547 1407 3681 1479 Ac
3718 1413 4061 1506 primum
4110 1411 4427 1508 quidem

1032 1585 1091 1622 „
1147 1530 1245 1603 de
1289 1553 1379 1600 eo
1406 1580 1430 1615 ,
1486 1525 1679 1627 quid
1720 1526 2030 1598 valeat:
2080 1525 2297 1599 Illud
2341 1535 2713 1601 nimirum
2746 1532 2959 1618 dico,
3014 1556 3126 1601 an
3177 1527 3543 1601 nobilitas
3582 1533 3688 1601 sit
3722 1527 4129 1603 hominum
4181 1533 4426 1607 hono·

1035 1707 1093 1755 3,
1149 1658 1526 1725 ratior-um
1568 1676 1668 1723 ac
1730 1649 2290 1740 laudatior-um,
2347 1680 2500 1742 an,
2557 1654 3220 1754 quemadmodum
3269 1650 3745 1751 Lycophron
3794 1658 4095 1752 scripsit
4148 1653 4432 1756 Sophi-

1032 1831 1092 1866 ‚,
1149 1791 1314 1862 sta,
1371 1800 1485 1848 res
1526 1797 1844 1872 prorsus
1891 1777 2151 1844 inanis
2199 1792 2273 1845 et
2327 1803 2579 1847 vana.
2690 1774 3027 1874 Quippe,
3071 1773 3556 1846 nobilitatem
3616 1799 3796 1847 cum
3860 1775 4036 1849 aliis
4091 1782 4296 1852 inter
4348 1805 4430 1851 se

1024 1953 1084 1997 „
1143 1920 1609 1997 componens
1664 1895 1934 1981 bonis,
1992 1921 2156 1965 rem
2210 1920 2370 1967 esse
2411 1897 2543 1969 ille
2594 1900 2743 1987 ait,
2799 1901 3011 1993 cujus
3060 1895 3557 1997 pulchritudo
3611 1901 3715 1969 sit
3751 1898 4122 1986 evanida,
4179 1907 4430 1975 omnis

1027 2075 1086 2110 „
1142 2036 1409 2092 autem
1440 2018 1680 2091 decor
1713 2015 1970 2092 verbis
2021 2034 2334 2091 tantum
2363 2022 2900 2105 contineatur,
2959 2037 3220 2118 utpote
3260 2025 3472 2115 cujus
3505 2019 3782 2117 cupido
3826 2020 3942 2103 ad
3987 2024 4431 2119 opinionem

1024 2197 1084 2235 „
1142 2142 1552 2214 hominum
1603 2156 1890 2242 spectet
1911 2192 1937 2231 ,
2015 2139 2155 2213 sed
2231 2164 2315 2211 re
2400 2144 2600 2214 vera
2670 2140 3043 2243 ignobiles
3096 2168 3154 2215 a
3227 2144 3621 2242 generosis
3684 2140 3908 2215 nulla
3970 2159 4200 2239 parte
4271 2170 4432 2221 esse

1024 2318 1050 2355 ,
1065 2319 1089 2353 ,
1146 2263 1562 2339 diversosfi

1126 2392 1165 2421 “
1212 2387 1462 2461 ὁίσιιιί
1504 2414 1692 2461 vero
1731 2387 2241 2488 disceptatur
2296 2415 2449 2487 quo
2488 2387 2857 2462 bonitatis
2880 2392 3137 2489 gradu
3172 2389 3539 2465 nobilitas
3575 2392 3984 2478 consistat,
4037 2393 4154 2463 ita
4193 2396 4436 2471 etiam

1034 2570 1091 2606 „
1146 2515 1582 2614 quaeritur,
1656 2536 1850 2612 quos
1900 2536 2305 2610 generosos
2363 2535 2497 2583 seu
2549 2509 2790 2583 bene·
2812 2527 3032 2585 natos
3081 2512 3479 2611 appellare
3537 2528 3932 2611 oporteat:
4000 2512 4176 2587 Alii
4227 2520 4438 2585 enim.

1025 2692 1084 2728 „
1141 2662 1318 2725 eos,
1374 2639 1508 2736 qui
1550 2633 2002 2735 parentibus
2066 2633 2294 2713 bonis
2341 2638 2602 2709 creati
2637 2638 2832 2724 sint,
2889 2634 3362 2711 bene-natos
3415 2659 3577 2707 esse
3619 2639 4122 2724 existimant,
4173 2662 4441 2735 quem-

1030 2813 1094 2852 „
1150 2760 1584 2835 admodum
1633 2775 1715 2831 et
1762 2755 2182 2832 Socrates:
2232 2759 2608 2858 Namque
2649 2782 2864 2847 etun,
2908 2775 3226 2858 propter
3283 2757 3662 2829 Aristidis·
3699 2761 4066 2829 virtutem
4097 2813 4117 2846 ,
4162 2757 4441 2854 filiam

1032 2939 1093 2975 „
1150 2907 1455 2984 quoque
1500 2883 1702 2955 illius
1748 2892 2185 2985 (tanquam
2232 2892 2750 2985 generosam)
2801 2880 3119 2954 duxisse
3185 2905 3522 2953 uxorem
3545 2880 3835 2976 serunt
3857 2906 3890 2965 ,·
3955 2877 4440 2950 Simonidem

1030 3062 1089 3098 u
1147 3026 1451 3096 autem,
1510 3035 1685 3080 cum
1744 3006 1853 3079 ab
1904 3035 1995 3080 eo
2050 3024 2551 3107 quaereretur
2577 3059 2603 3094 ,
2686 3009 3014 3103 quinam
3068 3020 3326 3075 essent
3390 3003 3627 3071 bene·
3643 3002 3846 3087 nati,
3919 3001 4432 3096 respondisse,

1067 3130 1293 3219 ,lios
1348 3156 1558 3214 esse,
1610 3134 1751 3238 qui
1811 3126 2234 3220 majoribus
2296 3150 2353 3194 a
2391 3127 2627 3217 longo
2691 3125 2876 3198 inde
2924 3137 3268 3215 tempore
3317 3117 3932 3216 locupletioribus
3982 3138 4239 3192 essent
4257 3150 4446 3219 pro-

1037 3307 1094 3341 „
1147 3256 1425 3353 gnati:
1474 3247 1992 3346 ‚Quamquam
2007 3299 2035 3332 ,
2091 3247 2159 3313 si
2196 3244 2285 3313 id
2337 3266 2617 3322 verum
2675 3256 2835 3328 est,
2890 3243 3152 3314 minus
3192 3263 3455 3339 aequa
3507 3239 3987 3338 reprehensio
4034 3260 4152 3315 est
4189 3242 4444 3318 Theo-

1038 3428 1094 3468 „
1144 3372 1445 3472 gnidzs,
1499 3369 1854 3473 illiusque
1923 3366 2266 3459 Poetae,
2316 3367 2458 3470 qui
2501 3364 2841 3465 ,my-ipsic-

1207 3570 1239 3602 *
1732 3616 1785 3653 ‚,
1839 3565 2029 3638 Nam
2086 3560 2277 3634 celsa
2332 3562 2579 3658 gentis
2623 3556 2897 3633 decora
2936 3561 3072 3660 qui
3118 3559 3479 3650 laudant,
3536 3572 3791 3632 tamen

1731 3739 1785 3778 ,‚
1842 3684 2373 3786 opulentiores
2422 3685 2680 3786 potius
2727 3682 2991 3757 affines
3060 3683 3348 3784 legunt.
3410 3681 3731 3779 [Gnor]

1046 3925 1103 3959 ‚,
1162 3870 1459 3944 Nonne
1502 3895 1649 3970 per
1690 3867 1963 3942 Iovem
2018 3875 2286 3968 pocior
2336 3868 2465 3936 hic
2510 3867 2653 3936 tibi
2702 3870 3104 3966 magisque
3155 3861 3645 3961 ean-optandus
3704 3861 4059 3952 videtur,
4115 3871 4251 3963 qui
4302 3872 4453 3966 ipse
4563 3935 4576 3942 ,

1044 4049 1100 4082 „
1160 3995 1261 4063 clu
1272 4017 1363 4064 es
1420 3997 1557 4077 sit,
1615 4014 1858 4088 quam
1907 4013 2118 4083 ouJus
2149 4008 2487 4084 proavus
2550 4002 2697 4058 aut
2747 3992 3136 4085 majorum
3200 3984 3479 4084 aliquis
3525 3984 3794 4086 opibus
3810 3985 4072 4082 fuerit
4121 3986 4397 4062 beatus
4421 4043 4445 4076 ,

1080 4117 1314 4214 ,ipse
1350 4138 1540 4185 vero
1576 4115 1680 4180 sit
1700 4109 2058 4208 pauper?
2113 4104 2409 4208 Quidni
2443 4113 2684 4210 igitur
2731 4109 2943 4182 di'xzt
2981 4111 3244 4182 Poe'ta
3259 4163 3284 4195 ,
3341 4109 3818 4209 affinitatem
3851 4112 4169 4184 divitum
4205 4131 4453 4208 magis

1052 4290 1109 4325 ‚‚,
1167 4260 1410 4334 quam
1460 4230 1840 4305 nobilium
1913 4255 2075 4304 esse
2139 4233 2710 4333 expetendam:
2788 4230 3111 4312 Nobiles
3168 4238 3440 4334 quippe
3486 4251 3674 4307 sunt
3719 4239 4079 4337 antiqui,·
4117 4238 4451 4334 potiores

1061 4413 1118 4448 υ
1177 4374 1445 4432 autem
1483 4371 1670 4430 sunt
1688 4408 1715 4446 ,
1768 4355 1902 4456 qui
1962 4357 2237 4427 nostra
2295 4374 2559 4431 aetate
2619 4356 2888 4457 opibus
2951 4357 3248 4428 valent.
3350 4356 3609 4458 Atqui
3677 4385 3872 4432 vero
3936 4376 4195 4428 nonne
4238 4350 4451 4420 idem

1060 4537 1114 4570 „
1174 4482 1591 4553 dicendum
1627 4533 1653 4569 ‚
1726 4481 1794 4552 si
1847 4482 2017 4578 quis
2074 4497 2398 4553 censeat
2437 4537 2459 4572 ,
2535 4478 2831 4554 nobiles
2894 4477 3117 4554 haud
3170 4504 3330 4554 esse
3357 4534 3383 4569 ,
3456 4484 3593 4581 qui
3638 4474 4055 4578 majoribus
4105 4495 4159 4541 a
4212 4469 4448 4571 longo

1064 4664 1118 4698 „
1146 4625 1153 4640 ·
1177 4607 1358 4676 inde
1392 4621 1763 4705 -tempore
1827 4601 2203 4702 opulentis
2244 4609 2405 4676 sint
2427 4609 2834 4709 prognati,
2890 4604 3033 4676 sed
3086 4608 3221 4705 qui
3276 4629 3380 4676 ex
3427 4600 3845 4703 majoribus
3899 4621 3958 4670 a
4000 4592 4234 4698 longo
4275 4595 4460 4666 inde

1181 4727 1520 4830 tempore
1573 4725 1840 4828 probis
1903 4752 2002 4798 ac
2070 4725 2410 4799 honestis
2465 4731 2678 4800 orti?
2724 4730 2947 4806 Nam
3000 4732 3265 4829 potior
3316 4752 3574 4800 recens
3634 4747 3873 4825 quam
3920 4724 4252 4818 antiqua
4296 4723 4466 4789 vir·-

864 4949 869 4956 .
1068 4914 1121 4950 „
1181 4837 1300 4929 tus
1352 4871 1512 4926 esse
1556 4851 1970 4941 videatur,
2031 4868 2113 4921 et
2157 4876 2202 4922 e
2242 4854 2490 4951 patris
2530 4849 2785 4950 potius
2839 4849 3103 4922 indole
3155 4857 3668 4950 unusquisque
3692 4863 4004 4949 partem
4040 4831 4270 4916 adse
4315 4841 4463 4912 ali-

988 4963 993 4968 *
1077 5036 1133 5072 ,θ
1190 5005 1432 5082 quam
1488 4975 1917 5062 derivasse,
1994 4999 2235 5076 quam
2305 5000 2409 5046 esc
2485 4973 2749 5045 indole
2809 4978 3105 5074 proavi.
3219 4971 3652 5070 Optabilius
3722 4996 3916 5044 vero
3991 4983 4136 5054 est,
4216 4969 4464 5064 ipsum

1070 5103 1593 5194 „laudatum
1638 5126 1807 5182 esse
1862 5102 2125 5178 virum
2152 5151 2179 5191 ,
2234 5121 2478 5198 quam
2525 5119 2906 5200 proavum
2951 5094 3313 5170 habuisse
3371 5100 3802 5196 majorum-c
3785 5119 3851 5165 e
3891 5092 4146 5168 alium
4200 5113 4467 5188 quem-

4005 5277 4014 5284 ·
4091 5266 4150 5303 υ
4174 5215 4470 5312 Fiam&

1064 4788 1120 4822 n
