5038 5975
1299 479 3202 602 DEDIGAMIASOCRA1133
3771 479 3958 574 β,ιιι

4030 651 4247 720 εισι-ιο
4268 652 4352 720 11.

577 687 721 763 iste
770 680 1029 782 aliquo
1074 678 1342 756 saltem
1379 707 1557 757 curn
1590 678 1878 779 judicio
1925 696 2002 755 et
2051 677 2351 755 delectu
2400 677 2724 754 debebat
2771 700 2927 752 esse
2961 690 3326 754 consutus
3367 690 3444 750 et
3492 677 3965 752 consarcina-
4093 733 4154 812 ς.
4181 746 4280 807 3⁰·

574 822 734 883 tusz
803 810 901 879 At
947 828 1128 879 vero
1182 805 1248 878 si
1317 807 1492 905 quis
1560 806 1749 879 scire
1800 804 1982 879 velit
2015 858 2041 894 ,
2107 829 2207 878 an
2271 807 2719 878 sarcinator
2761 824 3104 876 summus
3164 799 3396 876 fuerit
3460 803 3914 900 Porphyrius
3933 853 3960 892 ,

575 953 678 1003 an
738 942 965 1001 cento
1026 925 1269 999 Vicae
1324 926 1918 1028 Pythagoricae
1969 928 2258 1026 optime
2320 926 2421 998 sit
2466 923 2564 998 ab
2621 922 2756 998 illo
2826 940 3246 1014 consutus,
3317 921 3517 1023 legat
3585 923 3652 998 is
3707 943 3964 1022 quae>-

575 1049 838 1126 nostra
875 1051 1009 1123 hac
1045 1063 1322 1140 aetate,
1379 1048 1579 1124 haud
1623 1052 1882 1124 minus
1928 1049 2222 1123 erudite
2274 1073 2507 1148 quam
2556 1072 2730 1121 vere
2783 1045 2880 1121 de
2941 1064 3272 1148 utroque
3323 1059 3401 1120 et
3445 1044 3842 1146 Porphyrii
3884 1060 3963 1120 et

571 1171 974 1248 lamblichi
1017 1171 1307 1245 Libello
1358 1171 1771 1272 disputavit
1821 1175 1976 1269 (¹4)
2045 1177 2660 1245 Mazucanus:
2768 1175 2824 1215 ‘⁶
2877 1176 2968 1245 In
3017 1170 3210 1244 Vita
3249 1167 3773 1270 Pythagorae
3814 1170 3962 1258 (iu-

570 1347 629 1387 ‚,
682 1297 883 1395 quit)
937 1295 1397 1395 Porphyrius
1443 1292 1702 1392 prodit
1770 1320 1928 1368 non
1988 1308 2287 1368 tantum
2355 1309 2719 1393 tanquam
2767 1292 3138 1367 fanaticus
3190 1292 3466 1392 aliquis
3516 1305 3593 1364 et
3643 1287 3963 1363 creduli-

579 1471 636 1512 „
686 1432 841 1491 tate
898 1416 1319 1490 levissimus
1369 1416 1599 1490 homo
1630 1470 1654 1508 ,
1682 1419 1845 1516 *qui
1881 1415 2045 1490 aliis
2096 1441 2261 1490 earn
2307 1415 2542 1490 fidem
2578 1416 2923 1507 haberet,
2981 1432 3068 1490 ut
3109 1414 3204 1489 de
3248 1413 3661 1514 Pythagora
3681 1411 3962 1486 eadem

569 1593 631 1631 „
685 1565 772 1612 ac
813 1538 1038 1640 plura
1093 1543 1321 1612 etiam
1366 1537 1968 1628 vera‘crederet,
2023 1564 2255 1639 quam
2309 1563 2505 1638 quae
2575 1543 2733 1641 ipse
2794 1540 2890 1613 de
2956 1539 3257 1613 Plotino
3303 1551 3780 1624 narraverat;
3830 1534 3964 1612 sed

577 1717 633 1755 „
686 1679 767 1738 et
812 1678 1180 1762 tanquam
1216 1663 1579 1764 'scriptor
1620 1660 1935 1762 putidus
1985 1677 2061 1736 et
2119 1660 2550 1762 negligens,
2624 1666 2762 1763 qui
2825 1687 2921 1736 ue
2976 1665 3116 1738 hoc
3180 1660 3491 1762 quidem
3543 1659 3687 1733 sibi
3735 1660 3965 1757 imp&

579 1839 632 1877 „
686 1800 887 1859 raret
943 1783 1269 1873 laboris,
1318 1798 1407 1856 ut
1459 1784 1555 1858 ab
1601 1784 1765 1862 aliis
1812 1783 2043 1858 relata
2087 1784 2477 1860 ordinaret
2506 1839 2534 1879 ‚
2580 1802 2754 1888 apte
2806 1788 3347 1887 conjungeret,
3420 1786 3626 1858 inter
3670 1805 3748 1856 se
3793 1803 3972 1854 cou-

572 1959 639 1999 ,‚
690 1930 879 2007 grua
934 1902 1322 1994 redderet,
1375 1928 1463 1976 ac
1513 1904 1907 2005 deinceps,
1960 1911 2278 2007 proprio
2333 1907 2476 1983 sibi
2535 1909 2768 1984 modo
2819 1912 3130 2008 suisque
3180 1906 3467 1996 verbis,
3524 1919 3972 2005 exponeret:

572 2077 633 2123 „
682 2034 794 2102 Ex
841 2026 1000 2102 tota
1043 2024 1226 2112 ista,
1295 2024 1601 2124 qualem
1660 2052 1874 2102 nunc
1920 2028 2320 2117 habemus,
2373 2028 2648 2104 lacinia
2697 2031 2887 2106 nihil
2926 2030 3340 2106 admodum
3401 2031 3562 2126 ejus
3599 2040 3756 2111 est,
3820 2026 3972 2098 nisi

577 2203 633 2243 n
682 2154 937 2249 Prima
1000 2149 1510 2245 paragraphus
1590 2150 2132 2241 sequentisque
2200 2151 2454 2224 semis.
2515 2192 2620 2214 -
2706 2157 3108 2228 Caeterum
3163 2167 3371 2226 totus
3429 2155 3569 2225 iste
3638 2146 3975 2221 Libellus

578 2323 638 2362 „
692 2265 1181 2370 imperfectus
1249 2265 1441 2337 nihil
1526 2264 1734 2334 aliud
1796 2277 1907 2337 est
1964 2266 2111 2336 nisi
2180 2279 2408 2337 cento
2465 2268 2746 2364 aliquis
2810 2288 2945 2340 aut
2998 2276 3228 2342 series
3288 2298 3459 2344 raro
3508 2270 3973 2358 cohaerens,

572 2446 634 2485 „
684 2391 1131 2490 frequenter
1176 2388 1405 2460 etiam
1444 2386 1976 2485 intempestive
2034 2385 2504 2487 interrupta,
2564 2386 2954 2480 locorum,
3027 2413 3224 2490 quos
3275 2415 3367 2465 ex
3419 2391 3646 2465 variis
3695 2395 3981 2474 Aucto!

579 2567 637 2607 „
688 2514 931 2587 ribus·
955 2507 1400 2609 simpliciter
1456 2506 1927 2608 descripsit.'’
1975 2546 2065 2566 —

578 2727 589 2736 ,
668 2634 813 2710 Sed
858 2638 950 2708 in
994 2634 1195 2706 viam
1233 2629 1713 2706 re‘deundum
1767 2632 1993 2707 nobis
2048 2649 2162 2708 est
2203 2686 2228 2726 ,
2303 2636 2588 2736 quibus
2638 2657 2890 2739 quum
2962 2633 3059 2712 de
3131 2636 3556 2739 Porphyrio
3621 2637 3973 2715 universe

573 2758 1166 2858 agere-minime
1209 2757 1309 2829 sit
1354 2756 1706 2847 animus,
1755 2760 1934 2832 satis
1973 2764 2128 2850 est,
2184 2762 2634 2861 opinionem
2684 2775 3026 2836 nostram
3070 2760 3531 2861 prodidisse,
3584 2787 3738 2863 qua
3791 2787 3973 2837 cum

568 2879 948 2960 Bruckero
1006 2878 1506 2971 arbitramur,
1558 2883 1942 2955 Socratem
1989 2881 2085 2958 ab
2134 2882 2271 2957 illo
2318 2883 2726 2958 calumniis
2783 2883 3008 2960 fuisse
3064 2907 3406 2986 pressum
3445 2936 3469 2975 ‚
3543 2901 3632 2960 ut
3685 2884 3973 2985 Pytha-

568 3026 795 3103 gorae
840 3003 1123 3103 gloria,
1196 3018 1563 3103 tanquam
1628 3007 1841 3080 unici
1903 3009 2111 3091 inter
2170 3008 2675 3112 Philosophos
2734 3011 3093 3085 Numinis
3127 3062 3153 3103 ,
3226 3026 3443 3085 tanto
3494 3011 3716 3091 latius
3774 3021 3975 3108 qua-

572 3146 1027 3221 quaversum
1083 3126 1455 3197 eniteret.
1532 3133 1881 3226 Namque
1941 3133 2128 3207 haec
2187 3132 2349 3206 sola
2410 3132 2573 3209 fere
2646 3134 2843 3207 ratio
2923 3148 3037 3208 est
3079 3188 3101 3225 ,
3145 3154 3408 3235 quam
3477 3130 3976 3234 conjectando

573 3241 888 3341 adsequi
939 3263 1343 3339 possumus
1380 3291 1402 3328 ,
1474 3271 1613 3314 cur
1684 3261 1903 3319 tanto
1970 3254 2150 3321 odio
2223 3259 2389 3337 viri
2461 3259 2739 3351 optimi
2797 3261 3249 3345 memoriam
3326 3271 3773 3361 prosecutus
3832 3256 3972 3347 sit,

574 3367 791 3465 cnjus
828 3365 1191 3437 Vlrtutem
1240 3386 1385 3461 ῙΡὸῑ
1437 3358 1971 3450 Athfflleflssesss
2027 3394 2196 3440 sero
2249 3370 2563 3465 quidem
2610 3427 2631 3459 ‚
2704 3372 2917 3451 brevi
2986 3384 3246 3454 tamen'
3303 3398 3476 3482 post
3526 3379 3676 3454 fata
3727 3382 3977 3452 inter-

570 3489 811 3577 vallo,
861 3500 1384 3586 agnoverunt.
1440 3466 1586 3559 Sed
1627 3481 1860 3556 altera
1903 3482 2223 3561 forsitan
2267 3510 2579 3578 caussa,
2631 3505 2724 3560 ut
2770 3507 2924 3562 tam
2967 3502 3101 3565 iris
3135 3505 3218 3569 in
3255 3502 3721 3573 Christianos
3771 3524 3988 3573 acer-

569 3610 899 3687 bissimis
943 3633 1179 3709 quam
1226 3605 1772 3683 infensissimae
1806 3623 2072 3683 contra
2115 3614 2495 3683 Socratem
2548 3609 2919 3685 simultati
2963 3610 3395 3711 indulgeret
3448 3618 3608 3689 Vir
3628 3616 3976 3693 eruditus

568 3758 811 3834 aeque
861 3747 939 3807 et
1000 3730 1307 3822 infelix,
1358 3771 1491 3790 --
1540 3730 1810 3823 altera,
1862 3735 2229 3832 inquam,
2306 3732 2437 3807 illa
2488 3758 2747 3809 caussa
2812 3731 2961 3809 fuit
3029 3733 3324 3809 indoles
3375 3737 3612 3810 tristis
3669 3762 3755 3811 ac
3802 3762 3972 3811 mo-
3994 3749 4332 3816 Pon-nnn

572 3882 792 3945 rosa,
840 3856 925 3941 *rb
979 3853 1320 3954 Μάρεςον
1356 3853 1582 3924 istud
1611 3900 1635 3939 ,
1700 3853 1917 3945 quod
1976 3856 2044 3931 ei
2106 3882 2283 3931 cum
2346 3858 2797 3932 Aristoxeno
2852 3883 3264 3935 commune
3325 3856 3551 3933 fuisse
3610 3874 3962 3960 apparet,
3993 3828 4239 3892 maol„
4259 3853 4405 3893 '²¹⁰'

562 3979 697 4069 ita
727 3988 818 4049 ut
854 3974 999 4045 sibi
1064 3980 1226 4070 ipse
1273 3985 1575 4042 tantum
1625 3968 2070 4067 displicens,
2125 3991 2507 4073 quantum
2553 3981 2739 4052 alios
2785 3980 3113 4073 odisset,
3185 3981 3555 4058 violentas
3602 3983 3746 4058 sibi
3805 4011 3964 4060 ma·
3987 3914 4362 4053 zaceu-

569 4121 725 4171 nus
778 4086 1060 4166 infer-re
1138 4090 1637 4191 cogitaverit,
1707 4088 1987 4162 Plotini
2050 4089 2363 4167 demum
2426 4099 2761 4171 consiliis
2830 4126 2873 4171 a
2940 4116 3094 4174 tam
3171 4103 3504 4180 infausto
3571 4112 3968 4209 proposito

569 4231 940 4305 retractus
984 4242 1004 4289 ε
1089 4216 1464 4308 Quocirca
1515 4226 1593 4287 et
1648 4211 1842 4286 mihi
1910 4213 2214 4289 videtur
2283 4216 2444 4334 atra
2515 4216 2670 4293 bile
2725 4224 3057 4321 percitus
3093 4276 3116 4316 ,
3202 4248 3344 4298 nec
3413 4227 3835 4328 quidquam
3879 4234 3970 4306 in

570 4341 868 4417 mundo
942 4341 1203 4445 magni
1246 4335 1527 4412 faciens
1586 4339 1732 4415 nisi
1792 4363 2132 4439 asperam
2187 4365 2403 4417 suam
2458 4357 2538 4417 et
2598 4344 3150 4425 intractabilem
3199 4346 3794 4450 philosophandi
3831 4371 3968 4431 aut

564 4465 911 4577 nugandi
962 4461 1442 4577 'disciplinam
1477 4514 1499 4553 ,
1549 4460 1764 4577 illam
1834 4462 2066 4538 bilem
2111 4467 2197 4581 in
2255 4471 2640 4581 Spcratem
2672 4521 2696 4563 ,
2775 4467 2984 4545 haud
3045 4470 3306 4550 minus
3373 4496 3608 4576 quam
3658 4475 3744 4553 in
3798 4499 3974 4589 rem*

647 4705 797 4793 (ιε).
836 4704 1211 4770 Geschiclaeo
1238 4706 1359 4770 der
1399 4704 1950 4795 Wissmchafcon
1966 4754 1996 4789 ,
2037 4711 2227 4809 {tono
2271 4712 2321 4777 1.
2365 4730 2503 4797 pag.
2548 4710 2685 4776 26⁵.
