5038 5975
1354 512 1555 586 nr„
1678 468 2389 585 DIGAMIA
2521 509 3322 584 socaA'ri-s.
3929 507 4064 614 ῥὰ

622 702 1441 805 ‘Aristoxeno‘quidem
1492 709 1816 779 maxime
1846 761 1866 796 ,
1934 704 2286 805 deinceps
2342 707 2435 780 ab
2500 707 2968 804 Hieronymo
3025 682 3323 779 Rhodio
3383 715 3459 777 et
3501 704 3815 807 satyr-0,
3869 716 4034 811 tan·
4104 739 4327 802 steno
4377 722 4434 806 [ᾖ

606 844 867 931 -qu'am
927 856 1066 930 per
1121 854 1394 904 manus
1446 828 1671 903 fuisse
1720 828 2118 917 traditam,
2191 833 2295 901 ita
2342 844 2431 903 ut
2486 827 2691 899 illam
2727 883 2748 919 ,
2802 855 2844 901 a
2892 830 3143 929 primo
3196 827 3476 900 horum
3526 829 4040 907 Aristotelico-

611 958 811 1026 rum
863 969 1283 1054 acceptam,
1339 953 1802 1052 Porphyrius
1842 976 2087 1051 ,porro
2139 954 2711 1052 propagaverit,
2765 967 2844 1024 et
2890 952 3100 1024 velut
3147 952 3650 1025 certissimum
3714 956 4042 1030 Socratis

606 1077 1137 1176 *opprobrium
1187 1078 1279 1149 ad
1323 1082 1571 1149 Patres
1606 1073 1969 1147 Ecclesiae
2001 1074 2471 1148 Christianae
2513 1077 3049 1165 transmiserit3
3102 1116 3206 1133 --
3255 1074 3372 1147 his
3415 1077 3647 1173 igitur
3678 1076 4040 1154 ommbus

608 1204 1035 1298 expositis,
1090 1200 1664 1287 demonstratis,
1720 1212 1797 1269 et
1846 1197 2230 1296 probatis,
2279 1200 2451 1297 jure
2511 1224 2596 1272 ac
2650 1200 2922 1271 merito
2974 1198 3322 1297 colligere
3374 1198 3594 1273 nobis
3642 1199 4031 1291 videmur,

637 1347 795 1393 non
852 1323 1445 1413 inconsiderate,
1503 1346 1663 1394 non
1716 1336 2043 1407 temere,
2113 1347 2273 1394 non
2325 1322 2508 1395 falso
2538 1377 2558 1412 ,
2625 1322 2757 1395 sed
2801 1346 3011 1411 vere,
3077 1321 3209 1394 sed
3255 1320 3619 1395 meditato
3659 1338 4038 1422 certoque

637 1444 951 1517 consilio
998 1471 1041 1516 a
1090 1446 1307 1517 nobis
1358 1446 1543 1516 olim
1580 1440 1805 1514 fuisse
1840 1448 2249 1544 scriptum,
2282 1447 2342 1477 '⁶‘
2390 1448 2593 1517 inter
2638 1446 3199 1544 PeripateticOS,
3229 1444 3636 1542 πολιαῖς-θρίω
3677 1442 4041 1517 affectam

626 1619 693 1655 .,‚
751 1581 903 1655 tes,
960 1565 1182 1639 fuisse
1211 1620 1232 1652 ‚
1287 1589 1621 1663 quorum
1680 1562 1904 1636 fallax
1950 1571 2356 1640 auctoritas
2403 1569 2771 1640 Historiae
2824 1566 3394 1665 Philosophicae
3446 1570 3863 1666 Scriptores
3909 1564 4043 1638 de-

608 1740 693 1776 -.„
748 1690 1081 1786 ceperit:
1148 1693 1394 1786 Atque
1445 1690 1651 1759 inter
1705 1687 1890 1761 haec
1958 1687 2349 1760 mendacia
2405 1691 2781 1787 insignem
2836 1714 2989 1763 esse
3028 1744 3050 1780 ,
3125 1692 3340 1788 cujus
3402 1694 4044 1762 Anlsroxmwn

610 1864 693 1900 .,‚
748 1811 1188 1910 praesertim
1235 1826 1619 1883 auctorem
1676 1810 1853 1884 tulit
1896 1816 2500 1900 Ponrurnms,
2559 1809 2891 1884 fabulam
2941 1810 3045 1883 de
3073 1812 3397 1914 gemina
3443 1813 3746 1899 Uxor-e,
3802 1832 4042 1911 quam

642 1986 695 2023 „
752 1932 1018 2006 eodem
1102 1948 1442 2033 tempore
1500 1934 1864 2007 habuerit
1917 1940 2275 2007 Socrates.
2338 1932 2345 1941 ⁴
2396 1939 2610 2007 Hanc
2668 1938 2874 2008 enim
2931 1938 3015 2008 in
3075 1938 3326 2008 virum
3391 1936 4039 2035 sapientissimum

639 2110 691 2147 „
748 2059 1301 2131 accusationem
1339 2112 1359 2148 ,
1437 2071 1526 2130 ut
1588 2072 1663 2130 et
1722 2057 2108 2149 similem,
2182 2081 2414 2156 quam
2476 2061 2561 2129 in
2631 2059 3070 2159 Euripidem
3141 2072 3515 2132 memorat
3585 2062 4031 2145 Garamas..

609 2232 692 2269 .,‚
749 2204 1035 2252 meram
1090 2204 1243 2253 esse
1301 2179 1841 2253 calumniam?

729 2306 824 2374 At
872 2326 1113 2391 vero„
1149 2324 1391 2400 quum
1448 2302 1624 2375 talia
1682 2305 1976 2381 nemin-i
2028 2304 2424 2406 displicere
2482 2309 2781 2405 possint
2811 2360 2833 2396 ,
2913 2308 3049 2405 qui
3103 2305 3415 2407 quidem
3468 2238 3847 2403 Antiquos
3895 2323 4035 2391 eo,

608 2447 794 2519 ⁴*quo
835 2426 1087 2495 virum
1139 2422 1435 2496 bonum
1471 2450 1555 2496 ac
1590 2429 2009 2518 sapientem
2061 2428 2314 2510 decet,
2368 2451 2627 2495 amore
2682 2428 2879 2495 colat
2927 2441 3014 2494 et
3046 2441 3284 2515 amet,
3341 2426 3421 2497 id
3458 2442 3608 2512 est,
3665 2426 3844 2516 illo,
3901 2426 4039 2523 qui

4169 823 4227 899 ς·
4274 822 4376 888 ῐσψ

612 2567 683 2613 .a
740 2541 989 2612 studio
1034 2544 1193 2611 veri
1244 2566 1646 2639 nunquam
1708 2539 2225 2640 disjungatur,
2282 2544 2553 2617 accidit
2599 2559 2902 2644 praeter
2950 2547 3450 2644 opinionem,
3515 2560 3608 2619 ut
3658 2549 3744 2617 in
3793 2542 4042 2617 offen·-
4073 2548 4440 2632 ‹lo-sermm

520 2740 525 2746 ,
638 2665 957 2743 sionem,
990 2661 1402 2735 inciderem
1448 2662 1650 2736 illius
1685 2717 1705 2752 ,
1786 2667 1922 2762 qui
1992 2664 2271 2738 honori
2327 2689 2413 2741 ac
2459 2665 2713 2740 ¹famae
2770 2658 3194 2742 Aristoxeni
3240 2671 3396 2768 jam
3442 2682 3611 2741 tum
3661 2670 4043 2769 temporis

635 2778 1146 2883 patrocinium
1192 2809 1419 2859 suum
1471 2787 1575 2857 ita
1622 2785 2045 2877 addixerat,
2099 2803 2189 2860 ut
2237 2789 2448 2888 quod
2478 2790 2582 2862 -ad
2623 2815 2872 2863 unum
2924 2814 3188 2864 omnes
3215 2846 3237 2881 ,
3289 2797 3598 2866 Veteres
3637 2815 3725 2865 ac
3757 2795 4038 2865 Recen-

624 2909 904 2998 tiores,
960 2910 1040 2978 in
1100 2908 1231 2979 illo
1279 2922 1702 3008 agnoscunt
1754 2911 2053 2983 vitium'
2090 2912 2690 2985 maledicentiae
2740 2938 2874 2987 seu
2927 2913 3569 3003 malevolentiae,
3631 2938 3795 2987 non
3841 2914 4044 2990 disai-

630 3028 960 3112 -mularet
1011 3043 1315 3102 tantum
1365 3043 1547 3118 aut,
1587 3047 1965 3127 quantum
2016 3049 2242 3133 pote,
2298 3036 2585 3114 velaret
2627 3062 2711 3110 ac
2755 3053 3081 3136 tegeret,
3133 3037 3264 3112 sed
3325 3040 3695 3129 omnino,
3748 3038 3888 3112 sua
3934 3062 4046 3111 so-

614 3152 782 3224 'lius
837 3154 1279 3225 auctoritate
1310 3175 1439 3256 ac,
1454 3150 1780 3250 judicio,
1834 3156 1999 3226 sine
2035 3141 2348 3228 caussae
2401 3157 2779 3249 dictione,
2836 3175 3144 3257 negaret
3201 3153 3278 3232 e't
3338 3175 3717 3259 ‘tanquam
3759 3159 4044 3234 falsum

614 3276 926 3346 'crimen
980 3271 1410 3384 depeileret.
1512 3277 1766 3365 Quin,
1822 3263 2037 3377 quasi
2091 3263 2443 3358 illicitum
2494 3278 2702 3353 foret
2751 3295 2842 3354 et
2895 3281 3112 3356 nefas
3142 3338 3161 3373 ,
3195 3307 3317 3355 -ea
3346 3338 3366 3373 ,
3434 3306 3632 3382 quae
3665 3282 4050 3355 monnulli

616 3409 729 3468 ‘ex
777 3387 1169 3493 Antiquis,
1222 3397 1374 3467 sive
1431 3411 1628 3468 secta
1690 3398 1919 3467 fuerit
1952 3454 1972 3485 ,
2039 3388 2193 3474 sive
2242 3404 2527 3499 'aliquis
2588 3408 2912 3503 scriptor
2962 3431 3170 3478 unus
3226 3431 3266 3486 e
3327 3404 3637 3496 multis,
3679 3430 4047 3505 peccave·-

624 3531 823 3591 -runt
896 3531 1030 3590 aut
1096 3541 1506 3617 perperam
1579 3523 1807 3618 atque
1878 3517 2095 3590 aliter
2176 3505 2656 3594 tradiderunt
2723 3549 2954 3620 quam
3026 3527 3218 3600 fides
3278 3528 3482 3599 hona
3541 3528 4040 3626 postulasset-t,

616 3631 904 3714 ‚notare
942 3641 1059 3712 vel
1106 3642 1334 3712 etiam
1376 3641 1457 3712 in
1492 3639 1687 3712 clara
1732 3639 1901 3713 luce*
1951 3639 2359 3730 collocare,
2414 3659 2758 3734 repertus
2795 3660 2946 3734 est,
3003 3650 3138 3743 qui
3173 3646 3530 3717 scriberet
3571 3646 3677 3742 (ι)
3705 3645 3763 3680 ‘⁴⁸
3806 3648 4044 3720 videri

641 3819 693 3856 ,‚
720 3764 1145 3865 ‘sibi‘gravz’
1193 3766 1277 3831 in
1331 3785 1589 3834 error-e
1629 3766 1938 3834 versari
1972 3787 2150 3853 ¹eos,
2194 3769 2341 3863 qui
2396 3779 2532 3838 aut
2578 3764 3087 3866 praejudicata
3139 3768 3555 3865 opinione,
3609 3781 3744 3838 aut
3784 3769 4044 3838 'nimio

641 3942 693 3977 „
740 3887 1072 3960 aliorum
1125 3877 1765 3984 Philosophorum
1827 3866 2123 3959 artiore
2116 3889 2386 3987 capti,
2455 3893 2982 3962 auctoritatem
3047 3889 3715 3989 Peripateticorum
3755 3890 3856 3959 in
3908 3886 4052 3959 du=

625 4063 696 4098 .,,
748 4008 966 4080 bium
1012 4033 1278 4079 vocare
1318 4022 1393 4079 et
1430 4007 1872 4081 labefactare
1927 4026 2341 4100 conentur3
2399 4012 2555 4084 imo
2583 4014 2846 4155 potius
2890 4012 2998 4083 sic
3045 4035 3128 4083 se
3181 4012 3648 4099 existimare,
3698 4009 3835 4082 ‘vel
3877 4033 4044 4082 ma-

642 4184 694 4219 ,‚
749 4133 1056 4200 mimam
1117 4128 1433 4198 illorum
1501 4156 1659 4203 esse
1736 4137 2285 4205 auctoritatem
2323 4187 2344 4221 ,
2416 4158 2865 4230 summaque
2917 4132 3330 4232 diligentia
3377 4157 3719 4234 operum
3774 4157 4043 4207 eorum

620 4306 692 4345 „„
748 4249 1166 4350 fragmenta
1222 4273 1376 4322 esse
1432 4250 1925 4349 colligenda'’
2418 4267 2423 4273 ’
2529 4265 2534 4274 “
4047 4269 4050 4270 ’

736 4377 1017 4473 Igitur,
1073 4397 1248 4444 cum
1300 4385 1450 4444 tam
1496 4398 1815 4473 gravem
1862 4384 2143 4452 erroris
2193 4378 2392 4452 mihi
2447 4379 2712 4451 dicam
2758 4382 3115 4480 scriptam
3167 4379 3499 4453 viderem
3526 4435 3546 4470 ,
3591 4378 3882 4452 'factum
3929 4396 4041 4455 est

630 4496 867 4591 hujus
900 4497 1380 4594 potissimum
1410 4497 1551 4566 viri
1587 4500 1808 4594 opela
1834 4551 1854 4586 ,
1889 4507 2010 4571 cui
2037 4555 2056 4590 ,
2094 4490 2639 4600 (quaecunque
2679 4503 2988 4575 demum
3028 4503 3396 4575 stomachi
3433 4527 3686 4574 caussa
3723 4501 4037 4598 fuerit,)

640 4620 780 4686 ista
824 4615 1138 4688 debetur
1172 4621 1461 4696 erroris
1511 4623 1879 4692 accusatio
1903 4635 2083 4712 ,=.ut,
2128 4624 2336 4720 quod
2380 4623 2572 4695 mihi
2610 4626 2689 4697 in
2723 4628 3099 4723 praesenti
3146 4624 3657 4724 disputatione
3697 4621 3796 4694 de
3837 4624 4037 4694 binis

632 4734 988 4816 Socratis
1034 4739 1418 4812 Uxor-ibus
1454 4738 1769 4839 πάρεργον
1807 4737 2102 4833 suisset,
2158 4744 2242 4815 ea
2286 4759 2587 4818 tantum
2638 4761 2861 4820 tenus
2901 4743 3379 4822 'tractandum
3405 4804 3425 4839 ,
3453 4746 3606 4847 qua
3645 4761 3794 4818 tres
3814 4758 4035 4816 testes

624 4885 678 4933 -e
722 4861 913 4934 secta
963 4852 1663 4956 Peripateticorum,
1716 4868 2247 4957 Aristoxenus,
2311 4871 2821 4969 Hieronymus
2855 4870 3256 4963 Rhodius,
3307 4877 3657 4971 Satyrus,
3712 4865 4030 4938 crimine

710 5112 796 5190 (ι)
834 5116 1060 5174 Auctor
1098 5105 1976 5174 thzetibesAeAriscoxmo
2013 5130 2145 5192 pag·
2187 5120 2287 5193 9⁴-

3467 5218 3544 5291 N
3592 5243 3638 5290 2
