5038 5975
1330 510 1505 582 DE
1642 462 2339 584 nsaiwi
2471 508 3268 579 soan'r1S.
3551 600 3560 611 ⁶
3889 522 3976 574 ιι

689 698 898 774 'Alter
944 698 1274 798 denique
1341 718 1451 773 est
1487 755 1508 790 ,
1585 703 1716 799 qui
1773 701 2085 798 Bentleji
2141 705 2447 800 vestigia
2509 705 2854 800 pressisse
2913 700 3147 773 videri
3207 709 3455 797 posset
3497 749 3518 786 ,
3592 699 3732 769 nisi
3784 695 3986 769 illius
4039 687 4262 842 Sssgflg
4310 687 4363 745 ¹·

595 817 692 893 de
740 847 1016 919 magno
1077 825 1261 907 Viro
1313 823 1696 905 silentium
1725 872 1746 911 ‚
1800 826 2218 927 ignoratam
2271 823 2365 915 ab
2409 849 2498 897 eo
2567 826 2794 897 crisin
2853 822 3075 901 fuisse
3116 820 3671 916 Bentlejanam,
3727 817 3983 889 redde·
4160 812 4176 830 ‘
4270 804 4287 823 ⁰

599 958 717 1014 ret
793 942 1172 1015 credibile.
1294 943 1737 1045 Quidquid
1734 948 1832 1018 sit
1866 1002 1886 1036 ‚
1984 946 2301 1021 eandem
2383 916 2836 1047 sententiam
2915 915 3307 1017 nonnullis
3376 940 3636 1014 iisdem
3667 994 3688 1028 ,
3727 944 3985 1011 novis

600 1078 854 1137 tamen
909 1069 1134 1138 etiam
1177 1119 1197 1154 ,
1274 1070 1735 1162 argumentis
1797 1050 2156 1141 stabilivit
2230 1094 2314 1140 ac
2385 1069 2891 1139 communivit
2945 1082 3096 1138 tam
3152 1064 3526 1169 praeclare
3571 1119 3591 1151 ,
3646 1078 3730 1134 ut
3782 1060 3988 1133 haud

597 1209 873 1284 parum
910 1186 1027 1273 illi
1074 1212 1193 1258 me
1236 1187 1505 1259 debere
1559 1187 1960 1286 profitear:
2020 1194 2209 1265 Nam
2239 1247 2258 1282 ,
2316 1216 2556 1289 quum
2607 1192 2763 1287 ipse
2802 1202 3071 1286 sponte
3107 1187 3274 1259 mea
3307 1185 3634 1265 fundum
3669 1182 3985 1255 Fabulae

599 1310 683 1376 in
722 1282 1035 1381 Historia
1067 1308 1306 1379 Attica
1350 1311 1708 1408 reperisse
1755 1313 1942 1401 mihi
1986 1314 2188 1387 visus
2231 1294 2463 1387 essem
2493 1366 2511 1400 ‚
2570 1310 2753 1382 adeo
2790 1317 2905 1381 vir
2959 1309 3082 1401 ille
3110 1362 3142 1416 ’.
3195 1309 3516 1413 eleganti
3564 1305 3988 1379 eruditione

597 1428 915 1526 insignis
959 1486 979 1519 ,
1069 1457 1190 1501 me
1261 1412 1739 1535 confirmavit
1808 1434 2437 1530 dubitantemque
2498 1434 2732 1507 erexit
2772 1487 2798 1519 ,
2880 1446 2968 1505 ut
3026 1432 3183 1527 jam
3262 1429 3519 1501 nullus
3580 1451 3836 1501 verear
3908 1428 4008 1525 in⁸

599 1538 996 1647 publicum
1056 1548 1362 1667 prodire
1402 1603 1422 1638 ,
1497 1567 1573 1621 et
1640 1554 1827 1649 quid
1900 1580 2164 1627 verum
2247 1570 2688 1650 certumque
2771 1554 2867 1624 sit
2931 1551 3475 1625 demonstrare.
3576 1590 3667 1605 -
3763 1554 3988 1625 Han·
4007 1556 4405 1649 Hpnmonoe·

601 1686 982 1743 mon-ms
1037 1674 1099 1742 is
1148 1684 1295 1759 est,
1348 1676 1799 1785 praecipuus
1864 1674 2054 1745 mihi
2100 1677 2181 1745 ιιι
2235 1675 2764 1747 constituenda
2817 1674 2958 1744 hac
3009 1669 3515 1745 controversia
3572 1671 3726 1741 dux
3762 1725 3782 1761 ‚
3830 1671 3985 1767 J‘am

600 1808 1013 1890 antequam
1064 1792 1263 1865 illius
1339 1821 1645 1894 quoque
1714 1796 2083 1867 indicium
2149 1821 2192 1867 a
2261 1801 2594 1867 Gesnero
2677 1797 3273 1895 cognovissem.
3318 1798 3543 1866 Anno
3623 1795 3987 1864 nimirum

614 1912 826 2007 1730.
919 1915 1001 1987 in
1067 1916 1461 2015 Academia
1533 1921 1948 1989 Literarum
2031 1918 2358 1991 Parisina
2390 1973 2410 2008 ,
2491 1920 2708 2025 cujus
2781 1932 2940 1993 erat
3013 1918 3269 1991 Socius
3302 1972 3323 2006 ,
3410 1913 3995 1987 Observationes

611 2033 932 2107 Gricicas
981 2014 1343 2137 praelegit
1393 2038 1497 2136 (7)
1539 2038 2122 2149 Historieasque
2157 2093 2186 2125 ,
2255 2044 2339 2108 in
2398 2038 2747 2111 Cltorum
2815 2036 3446 2113 Andromachae
3487 2036 3998 2137 Eun'pideae:

601 2159 848 2254 Atque
904 2156 1077 2246 ibi,
1103 2158 1580 2258 propositum
1639 2160 2131 2261 investigans,
2182 2188 2342 2260 quo
2398 2163 2792 2262 Euripides
2840 2161 3129 2235 civibus
3179 2164 3335 2243 suis
3389 2164 3472 2233 in
3531 2186 3751 2235 scena
3796 2159 4001 2232 exhi-

604 2276 885 2350 buisset
937 2276 1189 2353 turbas
1254 2269 1708 2356 domesticas
1773 2286 1854 2355 in
1908 2282 2183 2360 familia
2242 2283 2716 2385 Neoptolemi
2781 2284 2959 2357 inde
3023 2299 3282 2373 natas,
3358 2281 3610 2382 quod,
3663 2297 3856 2381 post
3892 2306 4006 2354 so·

604 2402 873 2471 ciatam
930 2402 1070 2474 sibi
1117 2404 1464 2500 pellicem
1516 2406 2097 2480 Andromachen
2132 2462 2152 2497 ,
2222 2409 2687 2481 Hermionen
2757 2409 3098 2503 insuper,
3167 2431 3480 2477 uxorem
3541 2404 3945 2501 legitimam
3980 2459 4001 2493 ,

610 2516 939 2590 duxisset
982 2523 1296 2613 domum
1327 2576 1347 2610 ‚
1399 2531 1638 2620 perite
1689 2529 2061 2617 ostendit,
2106 2528 2410 2599 nullam
2460 2552 2806 2626 unquam
2856 2532 3130 2626 Legem
3191 2526 3503 2599 Athenis
3554 2523 3778 2596 fuisse
3829 2550 4006 2595 con·
4049 2532 4054 2551 ³
4126 2524 4136 2543 ⁸

610 2635 896 2727 ditam,
950 2653 1037 2709 ut
1086 2638 1465 2737 geminam
1522 2645 1972 2740 conjugem,
2044 2670 2236 2740 quae
2304 2646 2635 2739 legitima
2680 2647 2914 2734 foret,
2968 2672 3128 2718 uno
3185 2660 3520 2741 tempore
3570 2646 3740 2739 quis
3785 2643 4005 2715 habe-

609 2774 783 2848 ret,
856 2756 1188 2860 falsaque
1266 2760 1452 2834 adeo
1525 2787 1678 2834 esse
1721 2817 1741 2852 ,
1811 2789 2003 2867 quae
2037 2818 2058 2852 ,
2136 2763 2282 2834 hoc
2337 2768 2656 2835 Decreto
2725 2764 2920 2837 male
2992 2765 3375 2837 intellecto
3464 2763 3783 2836 subnixa
3819 2819 3839 2853 ‚
3912 2754 4049 2837 de?

608 2884 910 2951 Socrate
950 2935 970 2970 ,
1046 2882 1230 2954 duas
1297 2883 1525 2956 simul
1579 2909 1848 2957 uxores
1913 2884 2239 2959 habente
2283 2940 2303 2975 ,
2379 2886 2606 2983 vulgo
2670 2889 2958 2958 narrari
3041 2862 3354 2961 soleant.
3473 2891 3934 2983 Argumenta
3976 2938 3998 2975 ,

606 3003 888 3104 quibus
944 3029 1125 3078 usus
1168 3019 1330 3093 est,
1376 3003 1738 3096 deinceps
1793 3034 1834 3077 a
1893 3007 2112 3079 nobis
2162 3012 2265 3079 ita
2320 3009 2917 3080 recensebuntur
2951 3064 2973 3097 ,
3051 3025 3136 3080 ut
3183 3009 3429 3080 debita
3495 3009 3653 3081 laus
3708 3025 4007 3088 maneat

610 3125 918 3224 ingenio
978 3141 1203 3225 atque
1260 3125 1671 3199 industiiae
1735 3130 1895 3199 Viri
1973 3126 2175 3199 docti
2241 3145 2317 3200 et
2370 3128 2907 3226 intelligentis,
2978 3111 3192 3226 cujus
3256 3134 3317 3244 si
3386 3134 4004 3206 Dissertationem

608 3249 1082 3344 cognovisset
1132 3249 1473 3322 eruditus
1519 3248 1914 3321 Diacribes
1954 3249 2055 3320 de
2095 3248 2582 3324 Aristoxeno
2633 3253 3011 3350 scriptor,
3071 3277 3301 3351 opera
3341 3307 3360 3342 ,
3429 3277 3656 3351 quam
3695 3253 4008 3366 discep-

616 3361 888 3436 tandae
932 3367 1116 3435 huic
1167 3371 1715 3442 controversiae
1781 3372 2205 3476 impendit,
2264 3373 2477 3448 facile
2536 3378 2903 3481 potuisset
2961 3373 3468 3472 supersedere.
3570 3353 3721 3450 Nos
3776 3403 3954 3454 vero
3975 3436 4026 3486 ἦ

613 3483 802 3558 dum
851 3481 1165 3582 Bentleji
1218 3500 1293 3557 et
1340 3481 1731 3560 Hardionii
1786 3491 2115 3559 rationes
2166 3490 2389 3562 latius
2432 3493 2929 3589 explicamuS,
3000 3495 3078 3566 id
3127 3497 3346 3570 nobis
3399 3503 3796 3598 praecipue
3845 3506 4013 3574 vin·

611 3603 1074 3698 dicabimus,
1128 3622 1260 3696 ut,
1314 3606 1690 3706 producto
1739 3607 1913 3678 ante
1969 3611 2319 3680 omnium
2383 3612 2642 3683 oculos
2678 3620 3125 3708 Fragmento
3175 3618 3439 3689 Libelli
3476 3622 3616 3716 περὶ
3649 3626 4005 3718 Εὐγενείας,

614 3730 827 3828 quod
869 3763 917 3821 ,‘
965 3746 1410 3840 corruptum
1472 3732 1587 3801 uti
1661 3729 1864 3829 apud
1936 3717 2423 3804 SroiiAEuM
2487 3744 2647 3802 erat
2687 3786 2707 3820 ,
2770 3746 3098 3804 caeteros
3133 3785 3153 3820 ‚
3227 3738 3360 3830 qui
3415 3738 3611 3814 hanc
3669 3758 4001 3815 nostram
4083 3827 4094 3838 ·

618 3854 1032 3950 attigerunt
1095 3831 1663 3951 quaestionem,
1743 3837 2063 3954 latuerat
2119 3852 2377 3925 adhuc
2399 3908 2420 3942 ,
2502 3866 2667 3931 tum
2725 3853 3060 3949 exposita
3116 3879 3369 3962 caussa
3425 3872 3650 3958 atque
3712 3865 4002 3972 origine

520 4009 527 4018 -
618 3975 961 4060 Decreti‚
1017 3976 1230 4070 cujus
1273 3976 1499 4048 verba
1552 3978 1633 4046 in
1688 3974 2022 4046 medium
2078 3973 2566 4062 adferuntur,
2621 3973 3140 4090 innocentiam
3196 3961 3513 4054 Socratis
3565 4008 3608 4054 a
3675 3986 4010 4082 turpissi-

624 4117 753 4164 mo
810 4093 1111 4189 διγωμῖας
1164 4097 1529 4185 crimine,
1598 4122 1789 4194 quae
1849 4100 2135 4168 incerta
2196 4096 2289 4167 ad
2348 4098 2546 4168 hanc
2595 4121 2870 4198 usque
2893 4077 3092 4169 diem
3149 4095 3394 4172 fuerat
3442 4117 3517 4175 et
3574 4103 3847 4196 dubia,
3918 4110 4008 4180 in
4109 4157 4122 4166 -

619 4212 1027 4286 'clarissima
1070 4229 1145 4287 et
1193 4219 1654 4315 apertissima
1701 4217 1867 4293 luce
1918 4191 2391 4291 collocemus.

632 4571 639 4580 ,
743 4504 831 4585 (7)
866 4505 1215 4584 Memoires
1272 4502 1355 4564 de
1406 4505 1695 4596 I'Acad.
1746 4507 1862 4568 des
1907 4509 2107 4576 Insct-
2148 4510 2365 4588 frpmo
2436 4453 3399 4604 V111.'pag.276.11211pon11
3436 4560 3463 4587 ‚
3528 4519 3816 4582 nondum
3842 4519 4000 4582 edim

906 4613 1042 4668 licet
1088 4611 1549 4682 Dissertatione,
1616 4614 2019 4698 auctoritatem
2067 4626 2261 4672 tamen
2303 4614 2541 4700 adhibet
2587 4617 2820 4682 Roman
2865 4616 3036 4675 Hisc.
3086 4619 3448 4686 Ancienne.
3468 4627 3656 4714 Temo
3710 4630 3812 4684 IV.
3864 4648 4002 4706 pag.

912 4729 1047 4787 29²·
1092 4713 1212 4787 ipse
1255 4715 1512 4775 breviter
1554 4689 2000 4787 demonstrans,
2061 4704 2273 4792 duplex
2305 4713 2557 4774 Socratis
2602 4720 3039 4778 matrimonium
3079 4736 3139 4780 et
3181 4729 3396 4802 Legem
3446 4730 3518 4788 de
3569 4730 3725 4788 licita
3769 4731 4005 4807 Σηιμῖᾳ

904 4812 1166 4872 Atticam
1205 4817 1357 4876 faeta
1405 4839 1525 4880 esse
1565 4820 1958 4879 commentitia
2002 4831 2059 4878 et
2120 4821 2279 4879 falsa.
2323 4823 2793 4881 Βιιιτιιειιιιιιιιε
2841 4824 2904 4882 in
2955 4823 3341 4889 Aizacltarsz
3354 4875 3379 4904 ,
3445 4853 3628 4909 quum
3688 4838 3868 4894 vitam
3933 4856 4000 4895 ae

902 4919 1339 4995 Philosophiam
1387 4923 1739 4986 Socraticam
1782 4927 1925 5004 Cap.
1976 4926 2215 4987 LXVII.
2256 4928 2550 5006 eleganter
2593 4943 2864 5006 enarrat,
2922 4950 3048 4990 rem
3097 4948 3525 4996 controversam
3569 4937 3795 4995 silentio
3833 4981 3851 5012 ,
3911 4942 3999 5000 uti

906 5023 1097 5096 solet,
1139 5025 1397 5085 evitavit.

2757 5135 2782 5164 s

3449 5191 3667 5268 ·C3
