5038 5975
1008 442 1154 569 ἰοᾷ
1831 432 3694 569 necr1oNEsAT1-10313.‚

632 664 851 729 sueno
904 662 955 723 1.
1013 660 1557 763 ψευδομαρτυρίας
1593 675 1808 732 erant
1844 661 2388 754 convincendi,
2444 687 2749 763 quaque
2797 666 2874 739 id
2909 670 3197 739 crimen
3238 695 3325 740 ex
3355 669 3766 766 adjunctis,
3813 667 4111 743 levitate
4149 694 4421 742 eorum

698 744 760 827 δ’
802 742 899 807 ⁸⁶⁹
1018 788 1422 887 inprimis,
1476 783 1734 857 indole
1778 790 2073 859 morosi
2104 840 2122 868 ‚
2178 783 2660 862 fraudulenta
2689 844 2709 880 ,
2779 815 2863 863 ac
2916 789 3316 879 maledica,
3390 805 3548 863 erat
3599 790 4263 879 confirmandum3
4312 833 4422 849 —

1017 924 1108 983 ut
1154 907 1345 981 illud
1386 910 1616 1007 igitur
1665 904 1976 1006 πάρεργον
2016 910 2169 1006 jam
2224 925 2311 981 ut
2364 910 2657 1006 justum
2713 937 2907 1011 opus
2965 926 3040 984 et
3092 929 3454 1013 tanquam
3519 939 3693 1013 pars
3754 938 4051 987 caussae
4116 929 4416 987 nostrae

1016 1030 1633 1133 pertractandum
1694 1031 2117 1104 videretur:
2172 1035 2544 1122 Quocirca
2588 1034 2694 1105 i-lli
2754 1034 3275 1135 disceptationi
3328 1035 3637 1109 alteram
3692 1052 3991 1111 nostrae
4046 1036 4420 1110 Diatribes

918 1182 935 1195 -
1020 1168 1317 1254 partem
1389 1153 1970 1245 destinavimus,
2053 1156 2131 1224 in
2202 1180 2355 1252 qua
2418 1154 2544 1227 hic
2620 1154 2808 1229 ordo
2873 1159 3018 1229 erit
3069 1155 3532 1247 servandus,
3601 1172 3688 1230 ut
3719 1211 3739 1249 ,
3795 1173 3970 1257 post
4017 1162 4427 1256 praemissa

1024 1277 1404 1351 nonnulla
1449 1275 1543 1347 de
1601 1275 2064 1349 dissensione
2115 1291 2248 1348 aut
2320 1276 2713 1352 discordiis
2782 1294 3126 1352 veterum
3188 1277 3823 1377 Philosophorum
3862 1330 3884 1368 ‚
3957 1294 4184 1376 atque
4245 1279 4428 1351 inde

1024 1402 1223 1473 natis
1291 1397 1692 1473 calumniis
1725 1451 1747 1487 ,
1829 1398 2312 1475 ostendamus
2344 1454 2365 1487 ,
2438 1402 2890 1500 praecipuos
2949 1403 3035 1505 jn
3107 1404 3276 1475 istis
3337 1392 3598 1474 lstibus
3664 1424 3747 1471 ac
3798 1399 4427 1473 contentionibus

1019 1520 1529 1594 Aristotelioos
1586 1518 1851 1608 fuisse,
1909 1544 2239 1620 quorum
2298 1520 2560 1619 plures
2608 1547 2781 1620 erga
2829 1522 3006 1596 alias
3073 1538 3306 1596 sectas
3356 1519 3641 1593 suerint
3689 1519 3976 1611 invidi,
4022 1524 4424 1621 praecipue

1021 1668 1197 1742 erga
1238 1643 1761 1716 Academicos:
1810 1647 2224 1744 Quumque
2282 1641 2456 1732 has,
2510 1643 2794 1742 quibus
2845 1670 2922 1718 se
2959 1647 3283 1719 invicem
3346 1647 3900 1717 insectarentur
3931 1697 3952 1731 ,
4009 1644 4440 1716 calumnias-

1024 1782 1101 1840 et
1156 1766 1565 1867 opprobria
1630 1764 2068 1865 Philosophi
2109 1780 2460 1865 peterent
2504 1768 2731 1837 etiam
2769 1791 2859 1837 ex
2910 1770 3207 1867 scriptis
3265 1780 3342 1839 et
3393 1765 3864 1840 orationibus
3914 1791 4179 1840 eorum
4215 1821 4236 1857 ,
4289 1769 4430 1864 qui

1024 1894 1419 1964 universae
1464 1886 1989 1986 Philosophiae
2028 1901 2244 1960 erant
2293 1878 2585 1976 hostes,
2641 1886 3088 1991 (dequibus
3117 1887 3460 1963 hostibus
3489 1888 3810 1989 paucula
3843 1886 4426 1986 adjungemus,)

1023 2010 1713 2089 demonstrabimus
1778 2008 2175 2109 deinceps,
2231 2008 2412 2083 huic
2471 2008 2893 2083 insectandi
2942 2037 3028 2083 ac
3095 2010 3612 2084 calumniandi
3661 2012 4050 2108 proposito
4101 2012 4428 2080 maxime

1022 2136 1445 2208 inserviisse
1482 2186 1503 2222 ,
1558 2155 1755 2229 quae
1818 2131 2419 2203 Ptolemaeorum
2485 2145 2725 2202 aetate
2787 2131 3149 2233 invaluit,
3201 2134 3634 2229 πολυὲορίοω,
3675 2154 4003 2229 cumque
4073 2130 4211 2202 hac
4272 2128 4429 2208 sere

1025 2258 1514 2355 conjunctam
1550 2252 1781 2325 libros
1840 2252 1982 2326 sub
2038 2251 2285 2326 alieno
2334 2255 2650 2325 nomine
2705 2250 3049 2351 fingendi
3103 2254 3513 2327 licentiam.
3620 2258 3788 2344 Qua
3838 2252 4197 2351 πολυξορὶᾳ
4250 2276 4442 2323 cum.

1023 2405 1206 2482 prae
1262 2378 1421 2452 aliis
1467 2374 1825 2449 omnibus
1865 2377 1968 2446 ita
2032 2376 2501 2447 eminuerint
2546 2376 3072 2471 Peripatetici,
3125 2392 3214 2449 ut
3276 2402 3318 2448 a
3362 2374 3706 2475 fingendi
3767 2354 4077 2475 quoflue
4133 2376 4432 2448 licentia

1018 2504 1164 2578 sibi
1222 2510 1389 2576 non'
1428 2512 1937 2599 temperarent
1968 2551 1991 2584 ,
2046 2495 2300 2595 (quod
2343 2495 2436 2569 de
2494 2493 3020 2595 Theophrasto
3084 2510 3346 2567 tamen
3376 2550 3396 2585 ,
3450 2498 3544 2567 dc
3589 2500 3977 2568 Demetrio
4024 2496 4426 2586 Phalereo,

1025 2623 1527 2711 similibusve,
1583 2621 1828 2695 dicere
1898 2645 2059 2693 non
2117 2619 2498 2717 ausimus)
2551 2625 2904 2719 Satyrum
2962 2621 3045 2690 in
3097 2617 3308 2692 hunc
3353 2644 3663 2691 censum
3709 2615 4162 2709 referemus,
4217 2646 4436 2690 men-

1024 2748 1444 2846 dacemque
1518 2747 2073 2843 Hieronymum
2140 2741 2523 2816 Rhodium
2560 2797 2582 2833 ‚
2671 2758 2748 2816 et
2819 2742 3617 2817 maledicentissimum
3675 2744 4205 2814 Aristoxenum
4253 2797 4273 2831 ,
4339 2739 4431 2812 de

894 2926 905 2939 .
1026 2874 1243 2971 cujus
1270 2870 1447 2945 wiri
1516 2865 1773 2941 indole
1839 2869 1922 2939 in
1980 2869 2424 2940 universum
2472 2921 2495 2959 ,
2571 2869 3018 2966 praesertim
3090 2880 3345 2939 autem
3405 2862 3498 2936 de
3567 2864 3770 2936 illius
3817 2889 3986 2960 erga
4054 2871 4428 2935 Socratem

1025 2998 1328 3085 anim0,
1382 3016 1688 3093 agemus
1729 2992 1898 3067 dant
1940 2987 2147 3064 haud
2192 2990 2457 3064 leviter
2494 2995 2762 3091 oper-23
2816 2990 3290 3089 eandemque
3321 3012 3626 3087 operam
3673 2983 4093 3084 Porphyrio
4132 2985 4431 3081 impen-

1038 3117 1307 3190 demus
1370 3130 1545 3188 ante
1596 3117 1947 3188 omnium
2005 3113 2267 3188 oculos
2330 3112 2830 3216 producendo
2865 3168 2887 3205 ,
2967 3126 3057 3186 ut
3109 3128 3476 3212 tanquam
3528 3107 4045 3184 acerbissimus
4111 3105 4444 3178 Socratis·

1037 3241 1279 3314 hostis
1339 3252 1859 3336 cognoscatur.
1961 3236 2288 3328 Quando
2334 3261 2514 3310 vero
2583 3233 2911 3338 Cyrillus
2938 3291 2990 3330 ,.
3033 3239 3542 3334 Hieronymus
3598 3229 4108 3328 stridonensis
4130 3283 4168 3320 „
4201 3227 4437 3301 Theo·

1043 3355 1350 3434 doretus
1385 3412 1407 3448 ,
1486 3359 1764 3458 aliique
1823 3383 1915 3431 ex
1984 3381 2252 3434 eorum
2302 3383 2628 3435 numero
2663 3415 2686 3452 ,
2759 3363 2896 3461 qui
2946 3357 3344 3434 Ecclesiae
3408 3356 3773 3428 dicuntur
3834 3352 4122 3426 Patres
4148 3403 4172 3438 ,
4227 3349 4436 3422 haud

1033 3484 1265 3558 *ceriti
1319 3480 1608 3555 fuerint
1674 3481 2181 3584 Porphyrium
2215 3535 2237 3571 ,
2317 3507 2550 3581 quem
2608 3486 2754 3585 ipsi
2819 3483 2998 3558 alias
3056 3479 3608 3580 redarguebant
3655 3493 3732 3552 et
3796 3474 4112 3550 oderant
4142 3529 4163 3565 ,
4228 3476 4306 3545 in
4354 3499 4438 3545 re

1042 3604 1414 3681 Socratica
1463 3619 1554 3678 ut
1625 3621 1892 3678 testem
1919 3603 2102 3705 fide
2175 3604 2502 3708 dignum
2566 3605 2945 3709 appellare
3011 3619 3090 3679 et
3142 3605 3354 3704 sequi
3391 3657 3414 3694 ,
3483 3601 3576 3674 de
3640 3601 3780 3674 ista
3847 3604 4152 3678 Patrum
4206 3597 4442 3667 etiam

1036 3731 1336 3804 levitate
1401 3743 1477 3803 et
1531 3727 1973 3803 credulitate
2022 3728 2382 3808 mlevolt
2410 3788 2435 3826 ,
2506 3757 2607 3804 ne
2659 3733 2958 3806 omissis
3005 3726 3316 3826 quidem
3376 3723 3839 3796 Tertulliano
3902 3737 3976 3793 et
4038 3718 4381 3791 Salviano
4410 3771 4446 3807 ,.

1041 3854 1371 3927 breviter
1426 3875 1757 3951 agemus.
1828 3893 1934 3912 -
1995 3856 2155 3948 Tu„
2208 3881 2442 3956 porro
2467 3910 2490 3951 ,
2545 3857 2932 3948 Lecton,
3007 3851 3144 3950 qui
3205 3847 3364 3922 veri
3417 3868 3718 3918 mecum
3773 3839 4023 3917 studio
4091 3838 4448 3928 duceris„

1044 3976 1341 4050 veritati
1393 3972 1637 4050 favere
1678 3978 2001 4075 pergite.
