5038 5975
976 422 987 428 ’
1094 478 1137 495 -1
1321 465 1525 539 ns.
1624 419 2339 589 cicinni
2454 460 3261 541 socnams.
3884 460 4020 541 ηε

634 662 698 751 „³
753 658 1103 739 cehehrati
1155 670 1371 735 tanto
1398 684 1643 761 -opere
1684 641 1990 735 Veteres
2030 657 2255 736 nobis
2290 657 2845 760 mliquemnt.'’
2891 698 3000 720 -
3041 658 3348 747 Nescio,
3403 655 3590 758 quid
3635 654 3796 733 aliis
3842 660 4056 755 acci-⁸
4085 698 4316 764 sm„
4339 698 4430 769 tr:
4451 626 4470 633 ”

626 780 805 855 dat:
862 782 1052 856 Mihi
1101 782 1414 883 quidem
1464 780 1783 880 (fateor,
1822 786 2089 875 enim,
2142 782 2460 859 candide
2496 797 2585 857 et
2619 783 2989 882 ingenue)
3037 823 3142 841 --
3185 783 3486 882 quoties
3529 778 3740 857 hunc
3786 784 4052 859 nist&-
4171 775 4248 855 ὗ·-
4278 778 4362 848 μ’

630 907 795 983 fiae
836 903 1406 1007 philosophicae
1447 930 1800 1007 cmpum
1849 904 2241 1004 ingredior
2262 959 2284 997 ,
2336 905 2692 985 mihimet
2733 903 3214 1008 delatus³ipse
3248 903 3509 980 uideor

1358 1184 1369 1191 .
1412 1122 1504 1192 in
1573 1113 1986 1206 obnubilo,
2041 1113 2300 1192 obsita
2350 1112 2696 1193 mebris
2756 1112 2956 1191 loca.

629 1320 830 1415 fflons
882 1352 1133 1415 autem
1191 1339 1327 1413 iste
1366 1336 1790 1432 malorum,
1842 1333 1937 1415 de
1978 1364 2135 1441 quo
2166 1334 2611 1438 loquimur,
2664 1346 2776 1411 es‘t
2807 1334 3191 1410 dissensus
3215 1327 3745 1410 dissidenti-um
3783 1310 4038 1411 secum

628 1462 959 1535 invicem
1020 1471 1403 1534 Sectarum
1436 1513 1460 1551 ,
1535 1477 1811 1534 mutua
1868 1461 2508 1563 Philosophorum
2574 1459 2745 1532 odia
2803 1472 2882 1530 et
2936 1460 3399 1532 calumniae:
3455 1457 3758 1533 Accedit
3809 1459 4041 1532 altera

621 1605 935 1674 caussa,
991 1584 1142 1683 qua
1192 1580 1555 1655 effectum
1612 1597 1724 1655 est
1755 1637 1776 1674 ,
1846 1600 1938 1657 ut
2004 1587 2293 1656 incerta
2344 1584 2441 1656 sit
2489 1580 2680 1656 fides
2730 1583 3084 1654 omnium
3136 1583 3290 1655 fere
3336 1606 3650 1671 eorum,
3703 1602 3898 1679 quae
3953 1581 4065 1651 in*

628 1706 1273 1805 vituperationem
1335 1729 1420 1778 ac
1472 1703 1798 1780 dedecus
1847 1704 2668 1806 praestantissimorum
2737 1704 2937 1776 i-nter
2987 1709 3359 1805 Antiquos
3401 1702 4038 1803 Philosophorum

627 1830 925 1901 narrari
975 1845 1059 1902 et
1112 1828 1321 1901 vel-ut
1372 1828 1467 1900 de
1516 1853 1751 1903 manu
1807 1831 1889 1903 in
1942 1849 2265 1902 manum
2320 1824 2514 1898 tradi
2559 1826 2853 1901 solent:
2907 1818 3255 1929 Quippe,
3307 1852 3484 1900 cum
3529 1841 3797 1899 mutua
3837 1827 4044 1898 inter

626 1930 879 2025 sectas
936 1951 1652 2053 philosophantium
1716 1950 2121 2027 aemulatio
2179 1950 2261 2021 in
2316 1963 2617 2049 apertas
2677 1950 2988 2024 tandem
3046 1942 3453 2057 discordias
3519 1962 3594 2022 et
3645 1950 4037 2022 inimicam

619 2077 1272 2147 concertationem
1308 2078 1603 2150 exiisset
1627 2130 1648 2167 ‚
1694 2075 2076 2174 juniores,
2130 2087 2221 2147 ut
2252 2066 2850 2146 adversariorum
2913 2066 3261 2146 schola-‘m
3311 2070 3406 2144 ab
3452 2071 3614 2171 ipsa
3659 2069 3840 2143 inde
3884 2073 4043 2142 ori-

614 2200 801 2300 gine
845 2194 1303 2270 infamarent
1328 2253 1349 2290 ‚
1405 2197 1611 2271 haud
1665 2199 1884 2272 veriti
1940 2211 2124 2273 sunt
2177 2192 2321 2271 tela
2372 2211 2630 2297 petere
2676 2194 2772 2269 ab
2826 2198 3005 2299 ipsis
3053 2198 3448 2270 universae
3509 2192 4039 2293 Philosophiae

628 2316 977 2394 hostibus
1008 2374 1031 2411 ,
1084 2337 1160 2393 et
1221 2345 1417 2419 quae
1464 2322 1817 2395 Oratores
1862 2321 2300 2421 quondam,
2352 2344 2654 2394 caussae
2697 2344 2875 2392 suae
2934 2322 3456 2394 inservientes
3449 2368 3480 2410 ,
3530 2315 3650 2391 vel
3706 2342 3796 2389 ex
3854 2321 4036 2390 Ora·

624 2454 887 2514 torum
945 2440 1335 2539 disciplina
1388 2432 1855 2541 prodeuntes
1921 2442 2324 2525 Historici,
2376 2453 2556 2510 ante
2619 2454 2985 2511 centenos
3042 2462 3339 2527 annos,
3408 2438 3503 2509 ad
3545 2437 4040 2511 conflandam

624 2559 835 2661 apud
876 2558 1256 2658 Populum
1315 2560 1857 2632 Atheniensem
1913 2556 2393 2663 Philosophis
2432 2556 2852 2650 invidiam,
2905 2571 3568 2658 exaggeraverunt,
3617 2559 4037 2662 amplifica·-

620 2695 941 2775 jverant,
995 2680 1310 2781 planeve
1364 2660 1949 2773 confinxerant,
2021 2680 2437 2823 opprobria
2488 2676 2822 2754 diversae
2877 2687 3130 2755 Sectae
3180 2680 3703 2757 conditoribus
3772 2706 3858 2756 ac
3910 2707 4033 2757 co·

626 2804 986 2905 ηρῑιαείε
1051 2820 1416 2906 tanquam
1458 2807 1872 2881 certissima
1928 2798 2251 2881 crimina
2312 2802 2636 2903 objicere
2691 2819 2772 2875 et
2830 2803 3309 2903 exprobrare.
3412 2803 4033 2879 observationem

555 2937 565 2945 '
618 2927 891 3012 istam,
945 2951 1141 3027 quae
1213 2954 1354 3001 nee
1410 2926 1704 3004 inutilis
1771 2954 1913 3004 uec
1967 2925 2388 3029 injucunda
2439 2944 2552 3003 est
2585 2982 2607 3022 ,
2687 2950 3129 3029 quanquam
3176 2929 3262 3002 in
3309 2929 3634 3002 transitu
3691 2943 3768 3006 et
3817 2926 4027 3003 aliud

614 3063 975 3148 agentes,
1027 3047 1260 3150 paulo
1296 3049 1520 3125 latius
1555 3067 1811 3125 tamen
1851 3051 2340 3152 explicemus.
4377 3139 4410 3146 ,-

718 3175 1004 3264 Nemo,
1033 3188 1123 3246 ut
1143 3197 1185 3246 a
1220 3175 1601 3276 principio
1630 3198 1793 3248 rem
1827 3187 2298 3273 repetamus,
2326 3174 2672 3282 ignorat,
2705 3198 2900 3284 quae
2928 3177 3215 3254 Socrati
3243 3199 3421 3251 cum
3437 3174 3820 3279 sophistis
3842 3199 4023 3254 suae
4130 3177 4454 3252 Sambon

616 3293 923 3382 aetatis,
976 3295 1251 3390 Gorgia
1299 3298 1737 3393 praesertim
1789 3309 1868 3369 et
1916 3295 2360 3397 ProtagorA,
2412 3294 2704 3372 fuerint
2754 3297 3221 3393 simultates,
3273 3299 3454 3376 inde
3496 3317 3715 3378 natae
3738 3356 3760 3395 ,
3815 3258 4217 3404 quod'mw
4250 3267 4457 3331 ⁶²⁸⁰*

619 3414 780 3485 veri
822 3415 1148 3487 nimium
1185 3438 1447 3486 amans
1490 3429 1682 3487 esset
1729 3415 2256 3513 Philosophiae
2289 3444 2602 3516 parens,
2659 3448 2891 3519 quam
2925 3438 3016 3498 ut
3053 3422 3334 3498 horum
3375 3423 3784 3500 hominum
3828 3344 4292 3502 ferremm
4341 3368 4418 3419 Q·

617 3552 872 3634 posset
914 3538 1438 3609 veteratoriam
1487 3551 1563 3610 et
1634 3531 1981 3607 docendi
2014 3549 2093 3606 et
2135 3534 2439 3609 dicendi
2498 3541 2920 3614 rationem:
2973 3549 3233 3631 Quum
3281 3571 3463 3619 vero
3513 3546 3824 3621 illomm
3877 3548 4025 3625 dis-

612 3658 902 3759 ciplina
938 3663 1283 3759 proxime
1334 3659 1743 3757 conjuncta
1791 3670 1984 3734 esset
2025 3682 2200 3730 cum
2242 3658 2504 3733 caussa
2563 3663 3170 3759 Demagogorum
3205 3715 3225 3751 ,
3279 3688 3612 3760 quorum
3665 3671 4028 3746 nonnulli

616 3797 859 3854 artem
922 3780 1430 3855 fallendorum
1504 3783 1789 3853 civium
1860 3777 1958 3852 ab
2023 3783 2115 3854 iis
2173 3793 2393 3854 erant
2448 3780 2752 3873 edocti,
2824 3781 3110 3855 factum
3174 3781 3357 3866 hinc
3423 3800 3582 3874 est,
3656 3801 3745 3861 ut
3817 3790 4024 3867 istud

621 3903 1033 4000 sapientiae
1074 3904 1458 3995 studium,
1513 3903 1728 4002 cujus
1790 3902 2150 4004 princeps
2192 3915 2271 3973 et
2324 3918 2594 3977 auctor
2636 3910 2975 3978 Socrates
3030 3903 3511 3996 censebatur,
3562 3907 3715 4007 jam
3767 3933 3811 3981 a
3863 3912 4027 4012 pri·

620 4023 937 4096 mordiis
972 4076 994 4112 ,
1066 4051 1261 4124 quae
1309 4026 1629 4100 Athenis
1698 4022 1970 4097 habuit
2003 4078 2026 4112 ‚
2104 4025 2438 4098 invisum
2507 4038 2739 4126 atque
2794 4024 3144 4099 odiosum
3212 4029 3521 4127 utrique
3587 4027 3768 4104 huic
3829 4050 4021 4110 esset

626 4142 1034 4219 hominum
1080 4148 1378 4245 generi,
1432 4147 1721 4247 quibus
1759 4148 1981 4221 sociis
2035 4148 2297 4220 tertios
2336 4169 2430 4220 se·
2459 4145 2976 4243 adjunxerunt
3030 4152 3298 4223 Poetae
3326 4203 3347 4239 ,
3421 4176 3754 4227 severam
3804 4157 4022 4234 istam

620 4270 1114 4367 tristemque,
1184 4292 1420 4369 quam
1473 4268 2027 4374 opinabantur,
2100 4264 2529 4342 doctrinam
2582 4270 2830 4342 exosi:
2900 4274 3089 4344 Nam
3112 4326 3134 4364 ,
3189 4276 3336 4347 nisi
3389 4278 3563 4374 quis
3589 4261 4022 4380 'Aeschylus

620 4392 858 4484 foret,
913 4389 1311 4494 Euripides
1340 4446 1364 4484 ‚
1415 4407 1548 4468 aut
1599 4389 2007 4483 Pindarus,
2062 4390 2140 4466 id
2176 4405 2333 4487 est,
2384 4393 2504 4467 vir
2549 4388 2754 4485 talis,
2810 4396 2934 4468 cui
2974 4395 3272 4476 divinae
3316 4393 3630 4475 Poe'seos
3666 4432 3773 4459 ⁴·—
3810 4401 4024 4503 (quis

622 4532 864 4589 artem
916 4514 1270 4590 divinam
1302 4515 1610 4617 neget?)
1658 4553 1763 4572 -
1810 4520 1935 4594 cui
1992 4507 2239 4617 igituir
2269 4521 2582 4592 Possem
2633 4513 2772 4624 dos
2812 4533 2890 4592 et
2932 4518 3260 4594 maxima
3312 4517 3648 4598 facultas,
3673 4527 3760 4597 in
3808 4549 4019 4599 com-

622 4637 1047 4715 mandanda
1092 4642 1373 4715 virtute
1426 4653 1892 4741 spectaretur
1920 4693 1943 4731 ,
2002 4637 2505 4738 Philosophia-
2534 4638 2807 4717 fabulis
2861 4667 2949 4716 ac
2991 4625 3500 4743 corruptricis'
3532 4668 3796 4720 scenae
3841 4651 4018 4720 arti·

620 4760 767 4836 bus
818 4759 1129 4836 adversa
1159 4764 1389 4840 nimis
1436 4779 1634 4855 erat,
1684 4785 1919 4864 quam
1958 4778 2049 4836 ut
2099 4762 2309 4838 illam
2358 4768 2628 4839 Poetae
2669 4787 2829 4840 non
2877 4766 3472 4867 proscinderent·
3493 4769 3783 4842 Comici
3806 4823 3828 4859 ,
3881 4749 4017 4843 aut

620 4880 1070 4988 frigidorum
1127 4899 1203 4960 et
1244 4886 1728 4961 mendacium
1772 4888 2218 4961 Gai-minum
2256 4890 2696 4991 Scriptores.
2799 4889 2999 4964 Hinc
3039 4891 3182 4965 ista
3224 4891 3304 4962 in
3343 4890 3738 4964 hominem
3791 4894 4015 4965 inno·

620 5010 1192 5144 centissimt'un,
1246 5010 1503 5120 civem
1524 5003 1988 5156 optimum,
2060 5011 2483 5126 conjuratio
2508 5069 2530 5108 ,
2609 5011 2705 5090 de
2756 5013 2953 5116 qua,
3004 5015 3066 5088 si
3111 5017 3314 5088 Deus
3360 5014 3610 5084 vitam
3660 5013 4008 5116 viresque

2020 5155 2027 5164 .
3419 5155 3428 5162 .
3510 5141 3580 5207 Ρ
3614 5159 3658 5211 ·
3765 5159 3774 5169 .
