5038 5975
1052 473 1376 552 animam
1414 471 1570 572 ejus
1624 470 2099 563 enervandum
2142 484 2362 568 atque
2387 465 2880 570 frangendum
2903 524 2934 565 ,
2986 469 3065 547 in
3119 484 3428 572 quantas
3486 472 3716 571 ipsunt
3760 474 4091 555 miserias
4142 478 4441 575 conjece-

953 726 956 731 *
1044 630 1198 717 rit,
1264 628 1416 701 sine
1467 627 1800 721 lacrymis
1864 647 1997 697 non
2061 645 2231 718 queo
2288 624 2541 697 dicere.
2647 624 2775 698 Ad
2830 623 2950 698 Itos
3002 643 3239 699 autent
3293 626 3556 699 dolores
3612 653 3768 701 cum
3832 633 4056 703 veluti
4120 633 4436 705 cumulus

1042 780 1439 857 accessisset
1498 776 1876 872 repentina
1932 790 2149 870 atque
2212 774 2583 869 inopinata
2642 776 3064 848 carissimae
3131 777 3803 873 amantissImaeque
3878 781 4127 854 uxoris
4209 764 4464 872 mors,

1038 927 1239 1003 nibil
1293 926 1360 999 ei
1408 927 1511 999 ad
1554 943 1914 999 extremas
1982 925 2315 999 miserias
2367 926 2593 999 deesse
2662 926 2850 999 nobis
2891 927 3308 1017 videbatur,
3380 930 3562 1023 quod
3606 943 3677 998 et
3743 944 4026 1023 corpore
4067 947 4138 1002 et
4197 931 4436 1003 animo

1041 1098 1295 1175 aeger,
1351 1094 1541 1163 tum,
1583 1100 1741 1150 cum
1792 1075 1930 1149 sibi
1980 1076 2125 1171 ipse
2170 1074 2456 1147 minime
2511 1078 2910 1171 prospicere
2954 1092 3186 1172 posset
3222 1129 3245 1165 ,
3318 1077 3407 1151 ed
3476 1094 3650 1150 esset
3733 1080 4108 1152 destitutus
4143 1131 4169 1168 ,
4235 1081 4440 1173 cujus

1059 1228 1140 1303 in
1243 1228 1420 1301 curci
1521 1243 1591 1299 et
1667 1228 1828 1300 sinu
1908 1228 2385 1321 conquiescere
2443 1248 2964 1323 aerumnasque
3061 1245 3132 1300 et
3207 1230 3703 1305 sollicitudines
3782 1218 4119 1323 deponere
4181 1247 4433 1326 posset.

1042 1382 1154 1455 At
1232 1378 1429 1474 longe
1507 1378 1732 1449 aliter
1800 1397 1888 1448 ac
1974 1399 2093 1448 nos
2180 1344 2736 1450 arbitrabamur
2813 1398 2927 1447 res
3003 1377 3249 1449 cecidit
3277 1401 3305 1449 .·
3391 1394 3565 1450 'nam
3640 1380 3863 1450 veluti
3947 1377 4187 1451 subita
4273 1380 4432 1475 quis

1036 1496 1317 1603 aedium
1373 1523 1599 1599 ruind
1651 1549 1744 1598 ex
1800 1521 2161 1618 mortifero
2226 1540 2501 1620 sopore,
2580 1528 2691 1598 ita
2740 1527 2886 1619 ipse
2947 1549 3037 1598 ex
3099 1527 3441 1624 languore
3487 1529 3717 1600 animi
3777 1529 4201 1625 gravissimo
4259 1549 4430 1604 casu

1039 1678 1402 1753 excitatus
1464 1700 1535 1749 se
1601 1677 1881 1765 erexit,
1944 1676 2432 1771 insolitamque
2467 1670 2969 1768 fortitudinem
2993 1728 3017 1762 ,
3053 1682 3273 1752 nescio
3318 1681 3498 1751 unde
3524 1729 3549 1768 ,
3596 1678 3708 1748 vel
3757 1675 4005 1749 hausit
4063 1680 4177 1750 vel
4225 1680 4425 1751 arri·

1018 1828 1229 1926 puit3
1304 1845 1385 1901 ut
1446 1827 1603 1923 ipsa
1664 1826 1733 1898 ei
1792 1848 2066 1900 summa
2124 1827 2501 1900 calamitas
2558 1828 2820 1899 dolores
2873 1828 3255 1902 detrahere
3297 1851 3385 1902 ac
3440 1829 3739 1900 salutem
3814 1828 4097 1900 tandem
4158 1824 4427 1922 afferre

1027 1977 1413 2051 videretur.
1521 1975 1868 2076 Quamvis
1911 1977 2097 2049 enim
2148 1977 2475 2049 dilectam
2523 1980 2885 2076 conjugem
2918 1994 3057 2075 pro
3110 2004 3185 2053 eo
3244 2002 3331 2055 ac
3368 1980 3654 2052 debebat
3691 1978 3817 2071 pie
3854 1977 4184 2071 justeque
4225 1977 4421 2073 luge·

1024 2145 1142 2201 ret
1160 2179 1185 2214 ,
1236 2145 1474 2200 tamen
1520 2148 1643 2200 nec
1685 2128 1897 2201 oculis
1938 2129 2295 2221 lacrymas
2317 2180 2342 2215 ,
2392 2151 2613 2223 neque
2649 2129 2884 2201 nemis
2919 2130 3218 2204 dolorem
3239 2181 3262 2217 ,
3296 2154 3420 2204 nec
3452 2131 3690 2202 animo
3743 2128 4161 2201 desiderium
4183 2178 4206 2211 ,
4259 2148 4420 2220 quo·

1022 2280 1256 2354 minus
1315 2281 1696 2354 sanitatem
1752 2300 1839 2351 ac
1893 2279 2111 2352 robur
2161 2280 2597 2373 reciperent,
2651 2281 2916 2367 obesse,
2986 2282 3346 2376 ipsumque
3406 2295 3754 2374 tanquam
3825 2300 3916 2351 ex
3988 2279 4126 2351 imo
4199 2284 4415 2351 aeru-

1018 2453 1355 2507 mnarum
1404 2431 1664 2525 vortice
1710 2452 2070 2527 emergere
2131 2445 2347 2525 atque
2391 2446 2695 2507 enatare
2751 2432 3231 2507 mirabamur.
3339 2428 3657 2519 Vidimus
3728 2429 3980 2523 quippe
4056 2427 4414 2517 eumdem,

1013 2588 1143 2683 qui
1175 2586 1365 2657 modo
1404 2582 1612 2655 salvd
1654 2580 1948 2679 conjuge
1995 2583 2108 2656 ita
2145 2582 2543 2676 jacuerat,
2569 2601 2652 2657 ut
2688 2586 2961 2659 nullam
3007 2608 3229 2681 neque
3275 2605 3624 2658 curarum
3667 2603 3884 2675 neque
3931 2578 4196 2652 laboris
4229 2592 4415 2672 par-

1011 2750 1152 2808 tem
1224 2748 1475 2830 capere
1530 2733 1738 2805 vellet
1766 2783 1795 2821 ,
1860 2722 2037 2808 tunt.
2070 2754 2233 2811 vero
2279 2735 2393 2808 ita
2464 2752 2815 2821 erectum,
2888 2750 2972 2807 ut
3036 2735 3305 2809 medias
3357 2735 3551 2803 inter
3611 2729 3968 2822 lacrymas
4023 2743 4094 2799 et
4141 2725 4244 2799 ad
4295 2723 4410 2837 rei

1007 2888 1421 2959 domesticae
1475 2905 1727 2961 curam
1798 2896 1867 2953 et
1924 2881 2027 2953 ad
2082 2880 2394 2957 muneris
2434 2876 2876 2977 functionem
2896 2934 2919 2967 ,
2974 2899 3045 2954 et
3086 2883 3188 2953 ad
3224 2881 3468 2952 studia
3505 2876 3935 2950 Lites-arum
3972 2901 4046 2947 se
4079 2873 4407 2968 referret.

1003 3034 1318 3135 Jamque
1369 3061 1443 3108 eo
1486 3060 1600 3109 res
1633 3050 2117 3129 processerat,
2171 3053 2253 3105 ut
2298 3034 2646 3104 hilariori
2685 3029 3039 3101 interdum
3059 3021 3556 3122 familiarium
3606 3024 4092 3100 consuetudine
4137 3022 4422 3126 sollicif

1012 3207 1147 3262 tam
1196 3186 1503 3261 frontem
1540 3186 1871 3280 explicari
1909 3186 2200 3273 sineret,
2254 3203 2472 3278 neque
2525 3179 2839 3254 muneris
2877 3179 3287 3276 Academici
3305 3179 3692 3275 quidquam
3720 3179 4278 3262 intermitteret,
4333 3191 4407 3250 et

1000 3341 1321 3415 animum
1364 3351 1782 3433 operamque
1821 3337 1925 3410 ad
1936 3332 2384 3430 perficienda
2406 3387 2426 3415 ,
2479 3353 2664 3428 quae
2704 3330 3122 3405 instituerat
3144 3383 3168 3419 ,
3219 3344 3436 3424 opera
3495 3331 3950 3417 traducerem·
3982 3351 4194 3425 quum
4218 3347 4401 3425 gau·

1003 3492 1194 3564 dium
1238 3504 1591 3575 nostrum,
1634 3508 1723 3561 ac
1758 3501 1949 3578 spes,
2002 3503 2218 3577 quam
2264 3481 2348 3552 de
2388 3477 2624 3551 salute
2647 3475 2819 3570 ‚ejus
2867 3492 3441 3567 conceperamus,
3487 3492 3769 3565 repente
3809 3481 4145 3559 concidit,
4185 3495 4401 3567 atque

1000 3593 1145 3738 ipse
1199 3641 1436 3714 iisdem
1492 3636 1729 3712 ruinis
1762 3687 1787 3724 ,
1841 3655 2016 3729 quas
2053 3629 2388 3730 pestiferi
2438 3630 2762 3734 pulveris
2823 3627 2929 3700 vis
2997 3625 3077 3698 in
3118 3622 3379 3719 patric}
3431 3622 3624 3693 illius
3681 3623 3853 3692 urbe
3905 3641 4060 3692 cum
4119 3618 4393 3714 ingenti

998 3793 1254 3867 civium
1291 3811 1534 3888 strage
1578 3789 1842 3876 edidit,
1911 3803 2013 3860 est
2064 3800 2468 3881 oppressus-‚-
2502 3795 2748 3866 corpus
2773 3795 3032 3845 vatem
3087 3773 3598 3848 sexto.demum
3623 3786 3786 3865 post
3831 3770 3943 3841 die
3987 3769 4386 3850 inventum,

993 3961 1323 4019 truncum
1384 3962 1474 4012 ac
1520 3936 1985 4024 deformatum
2007 3977 2029 4010 ,
2083 3925 2197 3996 ita
2252 3940 2334 3995 ut
2381 3923 2509 3997 vix
2552 3941 3117 4018 cognosceretur,
3162 3924 3591 4004 horrendum
3648 3917 4112 4020 spectaculum
4157 3930 4380 4012 prae·

988 4093 1195 4180 huit,
1260 4104 1477 4181 atque
1526 4099 1609 4156 ut
1649 4098 1805 4151 cum
1857 4095 2207 4148 sornoc
2238 4093 2355 4148 LE
2407 4073 2665 4170 loquar
2684 4065 2774 4164 ,¹⁸

1672 4278 1969 4355 Τοιοῦτον
1987 4326 2014 4370 ,
2062 4269 2180 4354 οἷον
2226 4277 2335 4353 καὶ
2380 4280 2670 4377 ςυγοῦντ)
2712 4273 3079 4357 &vetereto-ec.

1083 4507 1300 4587 Istius
1382 4503 1825 4582 calamitatis
1897 4503 2202 4608 infixam
2268 4505 2575 4579 omnium
2633 4504 2977 4578 mentibus
3044 4504 3458 4579 memoriam
3511 4495 3715 4579 brevi
3770 4491 3944 4572 dies·
3979 4489 4125 4584 ipse
4172 4509 4381 4562 reno·

976 4664 1183 4739 vobit
1205 4713 1230 4747 ,
1283 4661 1489 4736 Vobis
1534 4661 1845 4733 maxime
1867 4711 1890 4746 ,
1952 4659 2078 4754 qui
2128 4653 2594 4753 interfuistis,
2651 4657 2777 4753 qui
2825 4655 3099 4730 vidistis
3158 4653 3572 4752 magnificas
3611 4650 3780 4724 adeo
3831 4645 4054 4718 domes
4089 4654 4373 4736 repente

982 4812 1263 4914 eversas
1341 4811 1795 4910 flammisque
1887 4821 2246 4910 correptas
2304 4858 2334 4904 ,
2454 4807 2838 4886 audivistis
2918 4808 3452 4920 vulneratorum
3545 4795 3859 4896 ejulatus
3938 4792 4422 4904 gemitusque-

4201 4953 4369 5039 per·
