5038 5975
1334 455 3220 555 nnn1c'a'n1asocasr1s.
3625 485 3632 492 ·
3851 473 3995 571 269

597 723 661 776 „
716 674 1041 765 fabulis,⁸
1090 671 1609 750 calumniandi
1659 675 1915 752 caussa
1975 674 2359 764 confictis,
2432 673 2918 775 indulgeret,
2987 699 3240 775 neque
3290 687 3422 758 ut,
3479 672 3749 746 vilium
3815 671 3995 746 vul-
4061 681 4277 773 sepa-10
4303 680 4377 741 Π.

610 858 664 897 „
717 805 1166 901 gariumque
1243 796 1653 874 hominum
1721 801 1959 873 instar
2001 853 2023 890 ‚
2092 824 2437 872 rumores
2503 799 2710 897 vulgi
2774 799 3183 884 obscuros,
3261 796 3775 871 tenebricosos
3818 849 3842 886 ,
3912 820 3997 867 ac
4129 769 4186 837 5·
4219 760 4317 819 ²3⁶

607 978 668 1017 „
725 920 1162 999 clanculum
1217 945 1513 1019 sparsos
1566 922 1840 1022 cupide
1894 923 2526 1022 amplecteretur,
2585 947 2918 1020 quorum
2967 925 3126 1019 ipse
3178 924 3510 995 novisset
3548 919 3991 1006 falsitatem,

612 1101 663 1143 „
722 1065 808 1124 ut
858 1070 1029 1124 suas
1075 1046 1167 1116 iis
1217 1045 1634 1120 calumnias
1675 1061 2267 1144 superstrueret3
2324 1086 2455 1104 --
2504 1047 2583 1120 id
2628 1045 2938 1147 quidem
2983 1045 3454 1119 demonstrat
3489 1042 3754 1116 relatio
3795 1040 3999 1141 apud

611 1225 668 1272 „
720 1176 1242 1256 Cunnum,
1296 1192 1528 1266 quam
1585 1167 1764 1242 felix
1818 1167 2061 1242 famae
2115 1172 2648 1244 Aristoxene'ae
2703 1193 2918 1242 casus
2985 1166 3208 1242 nobis
3263 1170 3612 1241 servavit.
3716 1171 3999 1238 Secun-

599 1315 662 1387 '„
716 1295 904 1368 dum
947 1293 1097 1364 hoc
1131 1294 1418 1390 quippe
1466 1293 2031 1382 testimonium,
2069 1294 2560 1368 Aristoxenus
2595 1290 3237 1367 consuetudinem
3278 1280 3793 1363 contraxerat
3822 1313 4001 1359 cum

602 1439 667 1509 ·„
722 1414 1148 1514 Spintharo
1189 1416 1590 1514 quodam,
1644 1417 1825 1515 qui,
1880 1419 2204 1489 Socratis
2260 1433 2479 1491 antea
2522 1417 2867 1506 auditor,
2922 1412 3145 1503 odio,
3201 1414 3416 1513 cujus
3475 1437 3809 1508 caussam
3861 1409 4003 1481 ho·

612 1593 667 1635 „
717 1538 839 1616 die
894 1543 1371 1637 ignoramus,
1428 1541 1513 1611 in
1569 1544 1953 1612 Socratem
2013 1555 2491 1630 commotus,
2563 1541 2786 1613 rectis
2841 1540 3185 1611 ac—veris
3236 1511 3636 1610 nonnullis
3700 1532 3793 1605 de
3848 1556 4006 1602 ma·

612 1717 666 1757 ‚,
726 1671 891 1756 gisti
939 1691 956 1730 2
1001 1684 1140 1735 suo
1185 1661 1684 1761 opinionibus
1744 1660 2137 1735 indecoras
2191 1687 2277 1734 ac
2353 1661 2940 1736 contumeliosas
2980 1663 3384 1745 miscuerat
3434 1656 3747 1731 fabulas.
3854 1659 4006 1725 Hu-

612 1839 671 1880 „
723 1790 845 1884 jus
890 1792 1047 1858 vim
1118 1775 1592 1861 narrationes
1641 1783 1936 1860 fontem
1998 1775 2607 1878 constituerunt,
2658 1783 2870 1859 unde
2939 1786 3432 1860 Aristoxenus
3496 1794 3772 1853 cuncta
3831 1777 4010 1847 hau·

608 1929 673 2000 ¹„
728 1911 881 1997 sit,
934 1909 1018 1979 in
1079 1905 1627 1982 contumeliam
1695 1922 1925 2004 atque
1983 1907 2378 1981 infamiam
2434 1910 2763 1983 Socratis
2823 1907 3058 1983 relata
3100 1962 3122 1994 ,
3195 1930 3390 2005 quae
3437 1907 3595 2004 ipse
3651 1901 4011 1998 deinceps

610 2081 670 2124 „
722 2030 961 2104 literis
1012 2029 1528 2124 consignavit,
1608 2027 1718 2100 illi
1775 2029 2061 2103 scilicet
2129 2028 2305 2128 plns
2366 2027 2545 2103 fidei
2613 2029 2913 2104 habens
2977 2052 3209 2128 quam
3271 2025 3580 2099 Platoni*
3625 2049 3710 2096 ac
3771 2009 4014 2096 Xeno,

611 2205 666 2244 „
724 2152 1007 2249 phonti
1037 2202 1061 2240 ,
1133 2174 1294 2224 non
1355 2148 1541 2236 adeo
1596 2148 1910 2248 quidem
1984 2148 2199 2242 quod
2264 2137 2726 2245 Spintharus
2801 2155 3012 2226 testis
3077 2151 3319 2224 fuerat
3386 2148 3731 2220 oculatus
3785 2161 4013 2243 atque

608 2318 666 2366 -„
722 2271 1023 2346 auditor
1096 2268 1542 2365 Philosophi
1605 2266 2090 2354 Atheniensis
2129 2316 2189 2352 „
2230 2266 2364 2340 sed
2428 2273 2619 2362 quia
2671 2273 2832 2362 ejus
2887 2273 3169 2341 indicia
3211 2272 3445 2365 magis
3504 2286 4017 2364 congruerent

612 2448 673 2490 ‚,
729 2419 906 2470 cum
954 2387 1290 2494 jndicio,
1345 2386 1557 2484 quod
1609 2391 1770 2488 ipse
1821 2401 1997 2460 ante
2058 2385 2153 2458 de
2196 2392 2497 2462 Socrate
2550 2390 2707 2485 jam
2767 2388 3071 2463 fecerat.
3203 2394 3400 2460 Haec
3452 2387 3763 2485 quidem
3824 2396 4014 2461 ratio

608 2565 675 2622 ι,
726 2521 864 2609 (sic
930 2510 1545 2612 qualemcunque
1599 2536 1743 2614 pro
1793 2511 2241 2586 Aristoxeno
2295 2508 2815 2604 defensionem
2869 2509 3154 2585 claudit
3218 2510 3700 2604 Meinersius)
3765 2513 4018 2609 ipsum

606 2658 671 2738 ἃς
722 2653 887 2712 non
926 2657 1242 2737 prorsus
1289 2632 1387 2707 ab
1439 2638 1656 2711 omni
1711 2635 1939 2737 culpa
1988 2635 2313 2727 liberat,
2373 2653 2680 2718 excusat
2737 2652 3043 2729 tamen3
3111 2650 3382 2734 atque,
3465 2633 3582 2707 his
3648 2636 4016 2732 cognitis,

607 2809 668 2858 „
723 2784 955 2835 nemo
1003 2756 1317 2858 quidem
1361 2756 1579 2835 facile
1643 2758 2031 2836 dubitabit
2069 2760 2439 2863 amplius,
2512 2764 2706 2861 quin
2767 2759 3010 2836 famae
3077 2743 3495 2833 Socraticae
3559 2755 4022 2832 obtrectator

609 2887 873 2976 „‘Vir'
920 2897 1178 2958 tamen
1236 2906 1561 2982 magnus
1617 2883 1849 2959 fuerit
1896 2939 1919 2976 ‚
1990 2887 2334 2985 egregius
2394 2887 2580 2960 item
2641 2909 2727 2960 ac
2770 2911 2997 2961 verax
3054 2884 3426 2957 Historiae
3486 2880 4021 2981 Pythagoricae

579 3022 663 3099 ς,
723 3003 1138 3102 Scriptor.'’
1187 3044 1291 3065 --
1338 3013 1537 3082 Haec
1598 3011 2092 3100 Meinersius,
2150 3013 2333 3109 qui,
2388 3008 2888 3110 spintharum
2931 3012 3172 3085 istum
3224 3021 3300 3080 et
3333 3003 3524 3077 'alibi
3592 3003 3745 3098 (32)
3796 3002 4019 3073 disci·

595 3128 867 3227 plinae
915 3121 1377 3199 Socraticae
1421 3130 1893 3207 desertorem
1938 3158 2261 3223 vocans,
2340 3150 2509 3210 tum
2566 3133 2880 3232 quidem
2953 3159 3114 3206 non
3194 3126 3733 3205 recordabatur
3764 3179 3785 3213 ,
3839 3152 4019 3199 eum

601 3246 755 3341 alio
816 3243 1134 3315 nomine
1178 3244 1567 3315 Mnaseam
1613 3247 1952 3342 dictum,
2007 3263 2089 3323 et
2144 3257 2574 3324 Aristoxeni
2619 3255 2846 3331 fuisse
2901 3271 3226 3352 patrem.
3327 3249 3555 3344 Quod
3613 3266 3864 3325 autem
3926 3249 4021 3322 de

600 3371 689 3461 ,ᾖ
732 3382 964 3464 atque
1027 3359 1363 3435 efficacia
1434 3362 1938 3437 excusationis
2000 3391 2179 3438 suae
2226 3371 2575 3465 sperabat
2628 3375 2765 3444 Vir
2825 3372 3354 3464 doctissimus,
3385 3399 3489 3447 «ea
3536 3388 3742 3446 certe
3798 3398 3965 3472 spes
3996 3427 4018 3463 ,

600 3502 991 3592 quantum
1025 3481 1122 3559 ad
1170 3504 1337 3574 me,
1396 3488 1605 3558 exitu
1656 3500 1883 3559 caret.
1988 3485 2196 3577 Quid
2248 3486 2509 3560 enim?
2559 3489 2709 3583 qui
2746 3493 2978 3559 unius
3028 3496 3274 3573 testis,
3333 3474 3645 3584 ejusque
3695 3498 4024 3590 suspecti

606 3627 688 3687 et
736 3608 1100 3717 maligni,
1158 3606 1249 3698 (si
1285 3606 1605 3707 quidem
1658 3606 2102 3709 disciplinae
2149 3609 2571 3682 Socraticae
2607 3604 2839 3681 fuerit
2891 3605 3229 3679 desertor
3261 3606 3315 3702 ,)
3369 3605 3572 3678 dicta
3624 3625 4024 3683 contume-

602 3733 796 3810 liosa
840 3746 919 3806 et
961 3731 1213 3830 turpia
1265 3729 1594 3830 praefert
1658 3734 2010 3825 unanimi
2069 3732 2509 3807 testimonio
2566 3730 2896 3806 aliorum
2929 3783 2951 3820 ‚
3025 3728 3335 3803 testium
3394 3730 3621 3801 etiam
3684 3731 4016 3803 oculato·

603 3881 783 3931 rum
838 3869 914 3928 et
958 3850 1110 3927 fide
1163 3851 1633 3951 dignorum3
1700 3888 1844 3908 --
1893 3859 2031 3948 qui
2074 3859 2186 3929 sic
2246 3871 2529 3957 temere
2587 3856 2927 3954 maligno
2992 3855 3160 3928 testi
3227 3849 3470 3924 credit
3526 3848 3618 3923 de
3670 3856 3852 3927 Viro
3902 3880 4018 3929 sa·

606 3974 943 4074 pientiae
986 3993 1359 4064 veraeque
1396 3972 1702 4040 virtutis
1748 3970 1972 4043 laude
2032 3972 2232 4047 claro
2266 4001 2286 4062 ;
2340 4015 2444 4034 --
2497 3950 2786 4074 qui'illi
2823 3980 2965 4049 uni
3003 3978 3174 4049 testi
3216 3976 3475 4073 potius
3515 3976 3754 4050 credit
3779 4002 4018 4077 quam

605 4093 924 4190 reliquis
973 4086 1373 4179 omnibus,
1428 4091 1609 4186 quia
1647 4105 2094 4189 suspectum
2137 4093 2343 4166 istud
2397 4099 2926 4169 testimonium
2995 4121 3170 4169 cum
3246 4095 3383 4171 sua
3442 4101 3691 4197 magis·
3750 4126 4018 4176 conve·

606 4220 729 4297 nit
785 4213 1152 4311 opinione
1207 4204 1759 4310 praejudicata,
1827 4213 2376 4291 obtrectatione
2411 4269 2435 4307 ,
2497 4232 2575 4290 et
2634 4206 3210 4303 malevolentiA;
3265 4257 3367 4280 -·
3415 4217 3547 4292 ille
3599 4224 3834 4318 igitur
3895 4226 4013 4298 in·

604 4359 724 4418 ter
778 4335 1127 4433 vulgares,
1183 4333 1661 4434 abjectosque
1729 4335 2080 4411 homines
2142 4365 2305 4415 non
2375 4342 2475 4414 sit
2536 4338 2960 4415 censendus
3007 4341 3039 4411 Ξ)
3113 4339 3254 4414 Ille
3319 4345 3455 4416 Vir
3516 4351 4009 4444 caeteroquin
4061 4320 4066 4329 ⁹

599 4482 926 4562 magnus
974 4456 1395 4547 habeatur,
1478 4459 1693 4530 omni
1756 4458 1977 4533 laude
2027 4486 2115 4533 ac
2194 4462 2345 4536 fide
2402 4462 2956 4562 dignissimus?
3015 4505 3119 4521 -·
3183 4464 3395 4555 Absit
3455 4464 3741 4539 omen!
3843 4471 4007 4545 Viri

599 4585 1049 4684 magnicat,
1092 4582 1457 4657 virtutem
1497 4580 1724 4653 etiam
1768 4583 1852 4653 in
1914 4581 2129 4659 hoste
2182 4585 2489 4662 laudare
2521 4640 2547 4679 a
2575 4601 2650 4661 et
2696 4585 3379 4682 obtrectationem,
3448 4612 3646 4690 quae
3687 4612 3778 4663 ex
3819 4590 4008 4665 invi·

679 4800 810 4935 (3²5
893 4847 1268 4915 Geschicbte
1303 4852 1426 4917 det·
1475 4829 2030 4939 Wzksenschbseon
2067 4854 2257 4922 rom
2297 4858 2385 4922 11.
2413 4796 2553 4940 pag.
2594 4851 2736 4937 359-
2776 4852 2843 4917 in
2885 4857 3069 4925 Nou.

3403 5018 3517 5103 m
3570 5016 3621 5097 3
