5038 5975
604 460 657 504 δ
886 441 897 454 ’
1061 439 1205 526 3ιό
1936 453 3664 544 ΣΕΟΤῘΟΗΕΒΔΤΤῙΩΔΕ.

660 652 988 720 Samon.
1055 641 1574 726 'theodoretus
1618 653 1969 753 cyrensis
1997 707 2020 744 ,
2072 655 2465 757 operosius
2516 659 2759 733 simus
2807 662 3102 733 versati.
3213 664 3378 734 Jam
3438 675 3525 732 ut
3585 657 3821 732 finem
3880 658 4066 736 huic
4109 662 4447 768 disputa-

721 731 780 804 5‘
824 735 931 803 34„
1056 773 1287 846 tionis
1332 788 1633 850 nostrae
1678 781 1875 876 parti
1921 779 2447 876 imponamus,
2499 795 2579 855 et
2628 784 2993 882 temporis
3049 795 3125 856 et
3170 784 3506 858 instituti
3551 784 3746 856 ratio
3785 782 4042 877 jubete
4096 789 4452 891 Quippe,

1051 895 1201 967 nisi
1250 897 1487 969 nimia
1524 898 1745 974 nobis
1783 923 1917 1000 spe
1950 898 2476 998 blandiamur,
2530 903 2612 979 id
2649 907 3118 1004 peregimus,
3173 903 3382 1004 quod
3411 906 3826 980 sectionem
3870 908 4200 1006 primam
4241 911 4446 986 elau·

1050 1012 1375 1110 dentes,
1408 1022 1492 1093 in
1522 1046 1665 1097 nos
1696 1045 2264 1124 susceperamus
2287 1079 2309 1117 ,
2363 1040 2453 1102 ut
2494 1030 2680 1128 ipsis
2727 1026 2956 1101 rebus
2990 1025 3391 1126 factisque,
3444 1030 4059 1130 scriptorumque
4098 1046 4446 1110 veterum

1046 1142 1544 1232 testimoniis,
1597 1145 2094 1245 probaremus
2121 1199 2145 1240 ,
2194 1146 2820 1226 dissentientibus
2860 1152 3065 1224 inter
3107 1174 3188 1224 se
3236 1174 3322 1223 ac
3367 1147 3839 1226 discordibus
3888 1154 4228 1253 antiquis
4268 1157 4452 1232 Phi·

1040 1256 1417 1361 Iosophis,
1476 1269 2008 1365 Peripateticos
2073 1274 2156 1344 in
2219 1271 2338 1347 his
2400 1273 2663 1349 litibus
2738 1277 3186 1373 mutuisque
3234 1270 3638 1348 calumniis
3699 1276 4140 1372 praecipuas
4203 1280 4442 1378 egisse

1036 1396 1329 1476 pattes3
1384 1389 1510 1462 isti
1578 1404 1828 1464 autem
1907 1393 2327 1470 insectandi
2394 1423 2482 1471 ac
2542 1395 3063 1472 calumniandi
3138 1397 3534 1495 proposito
3611 1396 3942 1468 maxime
4009 1397 4436 1474 inserviissc

1030 1509 1459 1605 ταλψξορᾶυ,
1505 1512 1655 1611 qua
1683 1513 2131 1590 Aristotelici
2173 1532 2351 1592 ante
2388 1520 2576 1596 alios
2605 1523 2940 1618 insignes
2973 1517 3289 1593 fuerunt
3312 1572 3334 1608 ‚
3358 1518 3797 1616 praesertim
3827 1513 3979 1602 illi,
4019 1520 4155 1615 qui
4193 1535 4437 1594 aetate

1029 1627 1434 1707 Ptolemaei
1481 1633 1955 1736 Philadelphi
2013 1656 2088 1714 et
2127 1642 2485 1745 deinceps
2550 1641 3035 1731 floruerunt3
3089 1643 3292 1714 inter
3343 1664 3473 1715 eos
3512 1663 3694 1713 vero
3755 1635 4132 1737 τολϋῗςορας
4177 1656 4251 1715 et
4297 1645 4434 1716 vi-

1021 1762 1284 1824 tarum
1330 1759 1730 1855 scriptores
1767 1786 2008 1860 quum
2052 1763 2342 1840 fuerint
2368 1767 2914 1855 Aristoxenus,
2968 1765 3478 1862 Hieronymus
3509 1759 3887 1851 Rhodius,
3943 1789 4029 1835 ac
4074 1771 4425 1865 Satyrus,

1018 1867 1141 1944 his
1188 1878 1673 1972 potissimum
1712 1883 2221 1979 Triumvin‘s,
2252 1913 2427 1988 erga
2451 1892 2870 1963 Socraticos
2905 1887 3294 1961 malevolis
3325 1900 3553 1982 atque
3589 1879 3904 1974 invidis,
3955 1884 4211 1961 deberi
4253 1913 4432 1962 om-

1016 2016 1153 2068 nes
1201 1996 1663 2093 calumnias,
1717 2028 1913 2103 quae
1965 2008 2060 2080 de
2106 2014 2409 2081 Socrate
2463 2008 2562 2082 ad
2607 2024 2956 2107 posteros
3011 2021 3194 2082 sunt
3257 2022 3751 2107 propagatae3
3807 2007 4016 2106 quod
4076 2021 4426 2084 nostrum

1012 2112 1105 2186 de
1156 2118 1246 2189 iis
1293 2119 1667 2213 judicium
1711 2126 1969 2200 indole
2032 2128 4180 2240 illmwbenfib-rmibus
4237 2154 4427 2197 eon·

1006 2232 1507 2306 firmavimus.
1610 2233 2443 2335 Ostenffiffiii‘s'porm,
2496 2249 2880 2335 quantum
2946 2229 3178 2306 fuerit
3245 2234 3513 2307 odium
3572 2237 3972 2337 Porphyrii
4027 2244 4107 2313 in
4167 2249 4424 2319 Socra-

1007 2369 1207 2440 tem,
1265 2379 1496 2454 quam
1539 2352 1735 2428 mala
1770 2351 2003 2450 fides3
2058 2374 2349 2458 quanta
2402 2358 2852 2458 Hieronymi
2893 2354 3452 2460 stridonensis,
3504 2359 3768 2458 Cyrilli
3812 2376 3886 2433 et
3917 2361 4434 2456 Theodoretir.

1002 2477 1086 2548 i'n
1133 2475 1266 2548 illo
1315 2475 1409 2549 ad
1456 2481 1987 2555 testimonium·
2016 2478 2452 2558 adhibendo
2479 2506 2614 2556 seu
2653 2480 3056 2555 credulitas
3080 2507 3214 2555 seu
3255 2482 3557 2573 levitas;
3611 2509 3840 2582 quam
3891 2490 4177 2559 incerta
4205 2487 4417 2560 deni·

1001 2624 1190 2699 que,
1251 2600 1669 2700 periculosa
1698 2605 1924 2677 etiam
1954 2608 2264 2680 Patrum
2288 2607 2900 2681 Christianorum
2938 2607 3020 2678 in
3060 2612 3272 2678 omni
3303 2607 3558 2679 caussa
3584 2609 3855 2679 veteris
3887 2606 4430 2708 Philosophiae-

998 2725 1452 2812 auctoritas,
1507 2747 1742 2825 qnam
1791 2725 2188 2800 infirmum
2260 2729 2829 2806 testimonium:
2885 2730 3179 2829 Atque,
3237 2729 3378 2802 hac
3432 2730 3662 2830 opera
3708 2728 3915 2801 haud
3963 2734 4240 2804 cursim
4289 2732 4425 2802 de-

993 2843 1320 2933 functis,
1402 2846 1498 2919 ad
1561 2847 1861 2922 tertiam
1919 2849 2196 2942 laboris
2264 2869 2564 2956 partem
2624 2858 2784 2951 J‘am
2856 2867 3016 2926 erat
3086 2852 3686 2940 transeundum,
3761 2867 3849 2924 ut
3900 2856 4354 2926 sententiam
4382 2907 4419 2942 ,.

994 2992 1231 3070 quam
1271 2969 1365 3045 de
1407 2971 1566 3048 tota
1610 2971 1757 3048 hac
1791 2977 2014 3051 causa
2045 2977 2566 3078 prodidimus,
2623 2977 2847 3053 latius
2901 2976 3493 3081 explicaremus3
3541 3005 3736 3079 quae
3781 2977 4158 3052 sententia
4217 2975 4410 3048 baec·

992 3107 1145 3181 est,
1205 3102 1263 3140 ‘⁶
1313 3120 1475 3171 non
1530 3112 1833 3173 tantum
1873 3104 2299 3200 Digamiam
2349 3105 2569 3178 nullo
2609 3119 2961 3203 ‚tempore
3017 3104 3382 3189 Athenis,
3441 3107 3553 3177 uti
3605 3125 3977 3196 nusquam
4041 3103 4119 3166 in
4174 3102 4399 3170 Grae·

985 3269 1050 3307 n
1106 3218 1261 3307 055,
1317 3219 1599 3295 licitam
1658 3220 1930 3312 fuisse,
1985 3223 2117 3299 sed
2180 3249 2279 3299 ne
2337 3229 2565 3301 verba
2630 3224 2939 3322 quidem
2999 3229 3210 3316 Legis
3310 3228 3641 3303 Atticae,
3713 3241 3948 3315 quam
4031 3220 4402 3315 Hierony·

988 3392 1049 3433 „
1100 3365 1273 3417 mus
1320 3342 1707 3436 Rhodius,
1760 3362 1853 3420 ut
1896 3345 2127 3419 fidem
2195 3347 2413 3418 dictis
2466 3345 2790 3427 faceret,
2845 3343 3250 3439 protulisse
3316 3334 3807 3433 perhibetur,
3870 3361 3909 3407 a
3970 3339 4135 3410 viro
4189 3337 4398 3411 bono

986 3515 1045 3554 ,,
1097 3464 1195 3535 ad
1260 3464 1747 3560 prob-ndum
1824 3460 2256 3535 istiusmodi
2312 3462 2798 3547 mendacium
2874 3457 3147 3531 adferri
3217 3461 3603 3558 potuisse,
3673 3462 3961 3558 quippe
4009 3459 4108 3531 ad
4173 3460 4400 3533 aliam

986 3639 1042 3675 ,‚
1096 3608 1408 3684 prorsus
1454 3608 1832 3673 caussam,
1883 3583 1974 3655 ad
2032 3587 2410 3658 civitatem
2463 3612 2638 3658 cum
2691 3583 2961 3658 Nothis
3008 3580 3722 3655 communicandam
3754 3636 3774 3671 ,
3844 3585 4398 3682 pertinentia.”

982 3712 1143 3781 Hoc
1189 3723 1443 3781 autem
1512 3723 2045 3805 argumentum
2120 3708 2227 3780 sic
2278 3710 2630 3808 persequi
2685 3706 2904 3780 nobis
2953 3704 3196 3778 fuerat
3249 3708 3551 3777 animus
3595 3761 3613 3797 ,
3671 3721 3758 3777 ut
3794 3763 3813 3793 ,
3881 3710 4221 3804 exposito
4277 3707 4398 3803 ju·

982 3854 1068 3907 te
1118 3830 1703 3904 Connubiorum
1758 3829 1963 3930 apud
2016 3829 2512 3906 Athenienses
2548 3885 2574 3919 ,
2653 3844 3033 3931 quantum
3089 3831 3530 3929 praesertim
3604 3829 3914 3919 quidem
3975 3834 4244 3899 attinet
4300 3828 4393 3899 ad

982 3952 1360 4051 legitimos
1436 3954 1723 4027 natales
1767 3978 1853 4029 ac
1918 3979 2091 4026 cum
2154 3956 2242 4031 iis
2299 3957 2802 4047 conjunctum
2859 3955 2988 4051 ῥυε-
3059 3941 3395 4055 civitatis
3460 3941 3784 4026 Atticae,
3841 3940 4361 4016 demonstrare

982 4100 1215 4157 mus,.
1255 4099 1451 4166 quae
1501 4071 2610 4159 sueLiLmndiEQ-N-erhorum
2671 4058 2766 4136 'in
2827 4064 3090 4136 eadem
3151 4063 3466 4131 civitate
3510 4114 3532 4147 ,
3599 4064 3890 4160 quique
3957 4060 4140 4137 dicti
4231 4063 4389 4137 sue·

979 4196 1141 4265 rint
1198 4184 1495 4274 Nothi,
1556 4209 1647 4257 ex
1691 4183 1941 4257 stabili
1985 4184 2295 4285 quidem
2347 4185 2902 4269 contubernia,
2957 4181 3086 4253 sed
3143 4207 3318 4253 cum
3370 4182 3688 4255 muliere
3743 4187 4137 4282 peregrina
4186 4190 4379 4259 nati:

968 4316 1200 4404 Mox,
1250 4311 1613 4384 enarratis
1662 4309 1747 4380 ea
1781 4309 1872 4382 de
1916 4333 1997 4382 re
2029 4311 2361 4410 antiquis
2403 4309 2745 4381 moribus
2782 4330 2870 4378 ac
2917 4303 3208 4402 legibus
3237 4359 3255 4393 ,
3312 4309 3928 4403 enumeratisque
3998 4311 4132 4397 iis,
4200 4313 4379 4408 qui,

975 4440 1325 4540 quamvis
1368 4436 1473 4505 sic
1518 4430 1752 4507 Nothi
1811 4429 2131 4506 fuissent
2181 4458 2265 4506 ac
2319 4432 2637 4508 muliere
2685 4430 3081 4530 peregrina
3135 4430 3338 4519 nati,
3395 4428 3488 4500 ad
3549 4453 3946 4504 summam·
3994 4444 4245 4503 tamen
4298 4434 4396 4502 in-

974 4538 1385 4661 Republica
1461 4555 1967 4631 escenderunt
2005 4555 2505 4654 dignitatem,
2559 4553 3175 4638 ostenderemuS,
3259 4566 3590 4625 veterem
3660 4557 3929 4649 Legem
3994 4576 4035 4622 a
4102 4552 4379 4626 Pericle

972 4681 1198 4755 fuisse
1248 4658 1721 4767 renovatam,
1800 4686 1855 4723 ‘⁴
1910 4692 2036 4767 ut,
2091 4680 2225 4776 qui
2275 4697 2596 4751 matrem
2652 4681 2892 4751 civem
2949 4680 3266 4749 Atticam
3345 4700 3504 4746 non
3574 4673 3999 4763 habuisset,
4059 4677 4158 4759 is,
4216 4690 4384 4747 tan-

974 4859 1043 4901 „,
1082 4830 1313 4910 quam
1382 4808 1672 4907 nuptiis
1736 4804 1994 4877 minus
2065 4800 2419 4901 legitimis
2472 4817 2751 4893 natus,
2811 4802 2892 4875 in
2953 4797 3384 4879 Nothoruin
3449 4820 3776 4873 numero
3833 4796 4382 4891 censeretur;,''
