5038 5975
1040 367 1213 455 ’ωε
1888 351 2793 452 -LEcrloNss‘s
2937 346 3644 459 iri-tcta.

674 578 895 642 ‘sci-10
917 575 1025 640 ΠΥ
1068 575 1657 681 tempfflstivz‘ique
1704 572 1940 670 patris
1982 570 2505 671 objurgatione
2561 574 2716 671 (35)
2769 579 3144 652 novimus.
3251 579 3366 652 Ad
3419 578 3568 654 hoc
3629 581 4061 653 convivium
4106 553 4458 661 annuum*

750 656 925 730 §‘¹9'
1011 687 1269 806 'apud
1329 705 1877 795 Hieronymum
1952 720 2258 792 omnes,
2333 701 2468 796 qui
2530 696 2845 774 Athenis
2917 695 3640 794 commorabantur,
3705 703 4142 806 Philosophi
4207 711 4452 782 vocari

1067 835 1658 902 consueverant:
1715 817 1933 892 Solus
1988 818 2169 892 illuc
2225 844 2387 894 non
2445 819 2702 894 aderat
2753 823 2905 920 (26)
2958 828 3262 923 Lycon,
3319 851 3450 900 seu
3500 825 3711 926 quod
3762 832 4194 901 convivium
4250 853 4458 901 aver-

1062 963 1387 1034 saretur,
1458 943 1959 1018 Macedonicis
2000 942 2380 1045 sumtibus
2424 945 2930 1039 instructum,
2985 973 3118 1021 seu
3169 948 3378 1048 quod
3429 965 3728 1024 tantum
3779 965 3976 1024 esset
4030 954 4231 1024 inte-r
4269 950 4462 1024 duos

1059 1071 1626 1170 Peripateticos,
1680 1070 2231 1168 Hieronymum
2266 1081 2343 1140 et
2380 1071 2726 1168 Lycona,
2766 1069 3071 1159 odium,
3116 1071 3363 1172 (quod
3412 1076 3861 1146 LAe'nrms
3911 1076 4314 1171 existimat)
4369 1090 4460 1148 ut

1057 1193 1247 1267 alter
1310 1192 1618 1265 alterius
1682 1190 1916 1264 limen
1998 1193 2313 1264 transire
2350 1217 2840 1293 ·mensaeque
2911 1194 3151 1268 nollet
3220 1195 3686 1270 accumbere.
3816 1197 4125 1294 Rigidus
4196 1199 4456 1270 minus

960 1356 973 1368 ·
1055 1320 1445 1417 magisque
1497 1314 1733 1390 facilis
1786 1310 2199 1387 Arcesilaus
2253 1316 2688 1388 invitationi
2742 1315 2947 1390 haud
3000 1318 3297 1409 deerat,
3385 1319 3517 1393 sed
3581 1321 3953 1392 comitatis
4019 1318 4453 1389 humanita-

1060 1441 1304 1536 tisque
1376 1463 1536 1511 non
1596 1434 1803 1511 aliud
1858 1435 2138 1509 ferebat
2180 1440 2662 1537 praemium,
2720 1441 2867 1511 nisi
2913 1444 3404 1513 convivarum
3467 1443 3548 1511 in
3608 1443 3860 1539 ipsum
3906 1441 4115 1536 jocos
4151 1492 4171 1527 ,
4256 1453 4452 1510 stru-

1049 1577 1357 1661 ctasque
1386 1588 1522 1662 per
1554 1559 1927 1634 occultam
1963 1559 2423 1634 simultatem
2474 1561 2640 1659 (27)
2690 1561 3036 1637 insidias:
3091 1567 3326 1654 Nam,
3387 1565 3680 1638 tametsi
3720 1567 3877 1662 ipse
3925 1563 4452 1659 Peripateticae

1046 1685 1346 1760 scholae
1384 1687 1740 1785 princeps
1782 1681 2346 1781 Theophrastus
2399 1685 2551 1784 (28)
2606 1671 3222 1785 hospitalitatem
3228 1679 3498 1760 eximie
3553 1677 3921 1762 laudasset
3952 1700 4025 1757 ct
4062 1709 4445 1757 commen·

1047 1807 1289 1883 dasset
1338 1862 1360 1898 ,
1443 1807 1648 1880 haud
1701 1811 1983 1880 veritus
2042 1822 2154 1880 est
2214 1811 2724 1909 Hieronymus
2777 1809 3180 1903 Rhodius,
3248 1815 3506 1919 virum
3567 1810 3956 1884 doctrinae
4019 1806 4448 1879 humanita-

1043 1933 1299 2030 tisque
1342 1931 1562 2004 laude
1604 1933 2023 2028 insignem,
2078 1929 2377 2006 violatis
2410 1958 2716 2006 mensae
2749 1933 3144 2034 hospitalis
3171 1937 3504 2032 juribus,
3564 1947 3950 2008 contemto
4001 1936 4183 2002 Jove
4226 1941 4449 2028 Ξενιῳ,

1040 2054 1484 2152 procacibus
1548 2056 1962 2150 minusque
2022 2050 2288 2123 sobriis
2344 2057 2683 2124 convivis
2737 2053 3249 2124 deridendum
3289 2057 3754 2154 propinare:
3830 2049 4127 2141 Quibus
4185 2065 4442 2124 tamen

1033 2175 1221 2272 jocis
1278 2175 1817 2270 cachinnisque
1892 2174 2256 2246 immotus
2310 2175 2728 2250 Arcesilaus
2777 2172 3070 2277 placide
3130 2180 3472 2276 reposuit
3524 2190 3602 2250 et
3660 2177 3824 2247 sine
3873 2172 4042 2262 ἰτέας
4112 2199 4446 2272 cumque

1038 2320 1217 2369 eum
1287 2292 1697 2394 aliquando
1754 2286 2099 2360 Aridelus
2160 2290 2473 2386 quidam
2533 2297 2928 2389 proposita
2999 2304 3445 2387 quaestione
3515 2297 3997 2368 lacessivisset
4048 2350 4070 2386 ,
4152 2295 4443 2398 (quales

908 2423 931 2464 ⁸
1036 2420 1515 2520 quaestiones
1585 2408 1989 2486 temulenti
2040 2411 2452 2511 sapientiae
2521 2414 2858 2511 magistri
2924 2415 3127 2487 inter
3183 2413 3463 2510 pocula
3521 2439 3810 2516 ponere
3869 2419 4242 2517 solebant)
4307 2467 4447 2516 m..

1030 2544 1243 2640 genti
1268 2594 1291 2632 ,
1360 2553 1458 2614 ‚ut
1525 2535 1734 2608 illam
1806 2533 2129 2605 solveret
2157 2583 2191 2622 ,
2248 2533 2549 2606 homini
2619 2535 2897 2608 leniter
2949 2550 3032 2610 et
3100 2537 3354 2615 sedate
3419 2540 3862 2641 respondit,
3930 2538 4142 2614 hunc
4201 2544 4445 2617 eciam

1029 2657 1598 2763 Philosophiae
1620 2655 1983 2753 fmccum
2032 2676 2195 2727 esse
2226 2657 2716 2751 potissimum
2735 2710 2763 2745 ,
2832 2675 2926 2731 uc
2975 2660 3290 2761 singula
3348 2663 3669 2764 singulis
3725 2665 4192 2765 seraper-ibus
4263 2690 4441 2740 con-

1030 2785 1439 2860 venientia
1485 2786 1656 2884 quis
1704 2795 2012 2854 nosset:
2062 2776 2554 2879 Eandemque
2605 2783 2841 2855 animi
2893 2779 3525 2883 tranquillitatem
3580 2801 3658 2861 et
3706 2794 4050 2889 generosi
4111 2795 4436 2891 pectoris

936 2975 943 2984 .
1034 2907 1487 2986 candorem.
1517 2903 1931 2982 Arcesilaus
2008 2904 2473 3005 Hieronymo
2549 2903 3097 2982 demonstravit
3139 2963 3160 3000 ,
3237 2909 3550 3011 quando
3634 2909 4087 2985 desultorius
4160 2913 4430 3011 aliquis

1024 3030 1469 3105 ‘Academiae
1524 3031 1883 3105 alumnus
1940 3030 2023 3100 in
2071 3042 2306 3101 castra
2361 3028 2594 3129 hujus
2639 3032 3153 3132 Peripatetici,
3208 3033 3577 3131 voluptati
3635 3050 3783 3103 tam
3846 3035 4132 3118 amica,
4191 3046 4281 3103 ut
4331 3033 4428 3107 ab

1028 3153 1273 3230 hortis
1332 3157 1642 3256 Epicuri
1684 3178 1956 3256 parum
2023 3149 2299 3225 distare
2357 3152 2841 3239 viderentur,
2919 3150 3298 3247 transfuga
3351 3174 3430 3221 se
3476 3153 3809 3250 recipere
3862 3152 4136 3223 vellet:
4207 3159 4433 3230 Hunc

1027 3280 1236 3349 enim
1280 3280 1680 3373 juvenem,
1758 3272 2005 3347 insula
2068 3273 2259 3344 Chio
2314 3270 2775 3361 oriundum,
2851 3269 2946 3343 ad
3004 3270 3518 3344 adversarium
3565 3272 3725 3373 ipse
3786 3296 4015 3346 suum
4077 3274 4428 3372 deduxit,

1027 3410 1269 3494 utque
1333 3392 1696 3466 modestia
1754 3418 1953 3469 novo
2000 3418 2078 3469 se
2129 3396 2605 3497 praeceptori
2660 3388 3281 3467 commendatum
3343 3392 3690 3467 redderet
3713 3449 3738 3486 ,
3792 3395 4237 3473 adhortatus
4291 3415 4436 3474 esta

1025 3520 1292 3623 Itaque
1350 3516 1605 3591 aberat
1660 3517 1930 3618 procul
1993 3519 2088 3593 ab
2150 3543 2419 3591 eorum
2481 3517 3075 3606 consuetudine,
3129 3518 3266 3616 qui
3319 3516 3911 3593 aemulationem
3961 3546 4176 3595 suam
4221 3521 4428 3596 haud

1024 3646 1262 3743 magis
1330 3640 1672 3743 produnt
1702 3695 1724 3734 ,
1801 3668 2033 3743 quam
2101 3641 2413 3753 quando
2498 3640 3006 3717 adolescentes
3067 3637 3408 3715 discendi
3475 3641 3792 3744 cupidos
3854 3658 3930 3718 et
3995 3642 4423 3719 studiorum

1023 3790 1282 3843 amore
1324 3762 1844 3841 inflammatos
1889 3770 2334 3841 auctoritate
2389 3766 2526 3839 sua
2575 3765 3030 3867 prohibent,
3085 3790 3185 3835 ne
3235 3764 3600 3856 aliorum,
3647 3792 3846 3865 quos
3900 3766 4228 3839 oderunt
4288 3779 4423 3840 aut

1020 3887 1303 3990 quihus
1366 3891 1759 3979 invident,
1813 3917 2159 3987 unquam
2225 3890 2517 3960 scholas
2588 3888 2883 3955 adeant.
2995 3886 3413 3962 Arcesilaus
3478 3900 3739 3960 contra
3810 3886 4194 3988 discipulis
4267 3890 4425 3962 suis

1022 4027 1290 4087 auctor
1347 4028 1543 4100 erat,
1594 4026 1683 4080 ut
1735 4024 1813 4081 et
1867 4010 2093 4097 alios,
2146 4018 2444 4106 praeter
2507 4029 2634 4097 se,
2687 4009 3102 4108 sapientiae
3156 4015 3551 4111 magistros
3620 4010 4010 4102 audirent;
4063 4009 4274 4111 quod
4322 4036 4423 4085 ne

1021 4140 1573 4249 Hieronymum
1618 4128 2005 4242 Rhodium
2039 4131 2365 4212 vicissim
2405 4126 2664 4212 fecisse
2706 4132 3140 4223 credamus,
3193 4134 3450 4215 invida
3493 4138 3637 4211 viri
3683 4149 3888 4215 vetat
3933 4133 4269 4229 indoles,
4321 4137 4426 4214 de

1020 4284 1175 4365 qua
1222 4254 1541 4338 ulterius
1587 4254 2023 4336 dicendum,

2863 4356 2928 4373 --ι-

3939 4388 4042 4569 ςὲ
4055 4388 4228 4615 Χξ.
4284 4380 4419 4463 De

998 4760 1003 4769 ⁴
1097 4693 1227 4779 (25)
1264 4696 1403 4758 vid.
1452 4700 1925 4761 Psunacmnn
1905 4720 1970 4761 m
2006 4702 2305 4781 Pyrrho,
2338 4722 2540 4769 versu
2576 4702 2799 4785 mem,
2833 4704 3026 4792 (Ton-
3065 4711 3117 4774 1
3171 4706 3328 4790 Opp-
3368 4721 3510 4790 με.
3551 4702 3706 4783 ⁴00,
3749 4718 3808 4771 Δ.
3858 4700 3943 4785 80)

1098 4805 1226 4885 (²6)
1265 4808 1440 4866 Dioc-
1481 4805 1704 4866 Lien.
1757 4809 1889 4867 Lib.
1932 4808 2004 4867 V.
2057 4808 2254 4886 Segni.
2289 4813 2388 4874 68.

1099 4907 1227 4988 (η)
1267 4913 1431 4973 Idem
1482 4914 1611 4973 Lib.
1646 4914 1750 4982 IV.
1797 4916 1990 4994 Segm·
2042 4920 2141 4983 41.
2184 4933 2344 4995 seqq.

1096 5009 1225 5095 (²8)
1264 5016 1476 5079 Ωιοιι.
1515 5017 1601 5083 ds
1645 5017 1776 5101 0ῆῖ
1818 5020 1949 5083 Lib.
1982 5018 2064 5085 11.
2098 5012 2244 5099 Cap.
2287 5020 2383 5082 18.
