5038 5975
1098 498 1149 570 6
1904 499 2800 573 LECTIONES
2951 502 3658 576 ATTICAE.

576 692 581 699 '
666 692 1055 747 Pnoonmuu.
1106 696 1285 766 novi
1340 691 1602 765 doceat
1634 747 1653 777 ‚
1708 694 1900 791 quin
1948 693 2171 792 plura
2216 695 2553 782 omittat,
2607 716 2802 792 quae
2848 708 3023 766 ante
3062 699 3442 793 sexaginta
3478 736 3525 752 -
3562 712 3712 769 tres
3756 721 4000 770 annos
4055 712 4132 772 et
4173 700 4474 799 plenius

1099 820 1377 916 scripta
1412 828 1647 887 erant
1698 830 1777 886 et
1824 818 2121 888 acutius
2151 870 2172 904 ‚
2226 840 2573 925 quaeque
2619 816 2808 888 mihi
2842 873 2864 907 ,
2917 832 3322 916 postquam
3379 818 3566 918 quid
3611 822 3768 891 veri
3812 836 4001 893 esset
4047 823 4475 919 conjectura

1100 964 1304 1013 eram
1348 936 1743 1012 adsecutus
1772 992 1797 1028 ,
1846 937 2056 1010 haud
2108 963 2381 1037 parum
2434 936 2892 1037 profuerunt
2929 940 3022 1011 ad
3076 944 3521 1040 opinionem
3575 945 3823 1013 meam
3870 946 3974 1014 ita
4023 942 4477 1017 confirman-

1094 1062 1325 1148 dam,
1380 1076 1467 1132 ut
1501 1114 1522 1150 ‚
1577 1064 1769 1159 quin
1824 1086 1999 1133 vera
2040 1062 2137 1133 sit
2188 1064 2604 1149 sententia,
2647 1062 2800 1159 jam
2851 1087 3222 1161 nequeam
3276 1062 3654 1135 dubitare.

1199 1187 1468 1282 Itaque
1500 1238 1519 1271 ‚
1576 1209 1815 1281 quum
1866 1182 2141 1254 famam
2173 1186 2539 1271 Socratis,
2595 1197 2746 1255 tam
2772 1183 3037 1282 facile
3077 1184 3171 1257 ab
3219 1186 3500 1280 injuria
3535 1185 4109 1278 vindicandam,
4164 1192 4479 1264 minime

1104 1323 1358 1380 tamen
1430 1305 1885 1377 vindicatam
1937 1304 2031 1376 ab
2088 1304 2237 1377 illis
2290 1308 2696 1404 reperirem
2742 1360 2764 1395 ‚
2830 1310 2964 1406 qui
3012 1309 3444 1405 cognitione
3500 1311 3864 1381 Historiae
3911 1309 4481 1411 Philosophicae

1102 1431 1505 1528 praecipue
1559 1430 1884 1527 cupiunt
1935 1430 2219 1500 censeri
2246 1481 2267 1515 ‚
2322 1426 2606 1525 adjecta
2647 1431 2873 1501 etiam
2918 1444 3165 1503 essent
3217 1430 3594 1503 nonnulla
3635 1457 3766 1503 seu
3812 1457 3954 1530 pro
3995 1435 4477 1523 Aristoxen0‚

1098 1575 1236 1623 seu
1282 1575 1424 1649 pro
1480 1552 1990 1648 Peripateticis
2033 1551 2437 1639 universis,
2490 1574 2685 1648 quae
2723 1576 2884 1625 non
2929 1556 3092 1626 sine
3125 1554 3519 1625 stomacho
3553 1552 3885 1651 quodam
3921 1539 4016 1624 de
4059 1553 4484 1628 adsertione

1102 1674 1364 1745 nostra
1396 1727 1418 1763 ‚
1488 1671 1695 1744 velut
1743 1670 1836 1743 de
1890 1672 2283 1743 temeraria
2339 1669 2592 1769 aliqua
2648 1687 2724 1745 et
2775 1676 3032 1749 minus
3074 1675 3450 1776 probabili
3500 1677 3918 1763 sententia,
3965 1677 4490 1776 scripta‘vide-

1107 1812 1441 1880 rentur-3
1533 1837 1625 1854 --
1667 1795 2063 1873 ,constitui
2120 1797 2464 1892 primum
2533 1797 3062 1869 an'rxoa'um
3131 1822 3472 1868 mearum
3566 1802 4092 1895 A‘rrrcaatnt
4159 1799 4486 1871 Librum

1109 1919 1292 1991 huic
1324 1918 1818 2018 disputationi
1866 1914 2350 2016 impendere3
2416 1955 2509 1972 -
2560 1920 2923 1990 constitui
2975 1934 3226 1991 autem
3281 1943 3371 1991 eo
3427 1918 3853 2009 lubentius,
3918 1919 4129 2018 quod
4170 1920 4296 1992 illa
4349 1922 4488 1994 dis·

1110 2045 1403 2141 putatio
1461 2040 1553 2113 ab
1582 2053 2029 2138 argumento
2097 2063 2367 2135 earum·
2405 2040 2816 2139 praecipuo
2870 2042 3187 2113 minime
3240 2028 3382 2113 erit
3433 2041 3719 2130 aliena,
3774 2044 4061 2140 quippe
4103 2041 4312 2139 quod
4369 2043 4486 2137 (ut

1114 2181 1290 2237 ante
1352 2164 1492 2237 hos
1548 2187 1826 2264 paucos
1866 2186 2113 2233 annos
2162 2164 2243 2232 in
2294 2185 2415 2233 me
2476 2164 2799 2262 suscepi)
2855 2164 3128 2234 versari
3174 2162 3439 2235 debeat
3491 2166 3574 2233 in
3633 2163 4099 2263 exponendis
4159 2163 4487 2237 nonnul·

1107 2287 1204 2359 lis
1258 2285 1893 2384 Archaeologiae
1942 2282 2268 2354 Atticae
2318 2283 2695 2383 partibus,
2749 2309 2944 2384 quae
2985 2285 3079 2356 ad
3119 2284 3437 2356 formam
3493 2288 3706 2385 Reip.
3761 2288 4044 2356 Atticae
4095 2301 4482 2383 spectant,

1114 2413 1425 2507 ejusque
1484 2411 1944 2480 mutationes
2010 2410 2682 2507 mutationumque
2745 2433 3034 2481 caussas
3075 2462 3098 2493 ,
3181 2422 3346 2479 tum
3391 2407 3486 2478 ad
3557 2410 4031 2505 Magistratus
4061 2461 4080 2495 ,
4144 2408 4483 2497 judicia,

1115 2532 1543 2603 Tribunalia
1583 2585 1604 2619 ‚
1672 2554 2017 2631 quaeque
2079 2546 2209 2602 aut
2266 2556 2664 2630 perperam
2724 2531 2917 2603 tradi
2971 2530 3264 2619 solent,
3320 2545 3451 2602 aut
3505 2554 3665 2600 non
3711 2531 3888 2600 satis
3932 2543 4110 2600 sunt
4149 2529 4492 2601 enuclea-

1112 2668 1285 2726 tae:
1341 2656 1696 2754 Quippe,
1750 2653 1934 2726 dum
1977 2657 2355 2725 Socratem
2394 2678 2435 2724 a
2490 2651 2872 2725 calumnia
2921 2651 3292 2739 liberabo,
3347 2649 3745 2747 fontesque
3792 2648 4021 2745 hujus
4071 2650 4491 2724 calumniae

1116 2778 1640 2849 Aristoxeneae
1700 2791 1781 2852 et
1831 2779 2359 2874 Peripateticae
2407 2778 2738 2875 aperiam
2772 2828 2793 2862 ,
2873 2774 3132 2845 efidem
3198 2770 3428 2871 opera
3497 2771 3597 2842 cle
3657 2771 3854 2843 Jure
3913 2768 4491 2844 Connubiorum

1117 2897 1328 3000 apud
1383 2898 1877 2973 Athenienses
1940 2901 2043 2970 ita
2106 2922 2319 2998 agam
2362 2952 2382 2987 ‚
2452 2911 2544 2969 ut
2593 2920 2647 2967 a
2709 2897 3022 2996 propria
3086 2894 3548 2965 Lectionum
3619 2918 3957 2965 mearum
4037 2894 4492 2965 Atticarum·

1117 3023 1430 3095 materia
1468 3023 1880 3097 discessisse
1936 3025 2276 3093 ·1ninime
2311 3019 2591 3089 videar.
2695 3018 3187 3090 Tractationis
3241 3031 3494 3087 autem
3552 3015 3676 3087 hie
3727 3018 3869 3090 erit
3914 3014 4137 3088 ordo.

766 3164 937 3224 Ordo
985 3185 1084 3226 se-
1218 3146 1601 3233 prunum,
1656 3150 2016 3215 Veterum
2070 3138 2232 3210 loca
2285 3136 2650 3207 adducam
2711 3136 2790 3205 in
2851 3136 3188 3208 medium
3222 3191 3245 3227 ‚
3300 3140 3434 3236 qui
3508 3137 3694 3211 duas
3737 3141 4020 3210 Socrati
4067 3137 4223 3209 una
4268 3135 4490 3211 fuisse

674 3245 1088 3341 ‘l'‘⁶'¹‘f²“'.¹'³·
1122 3269 1408 3337 Uxores
1461 3262 1974 3348 tradiderunt,
2028 3274 2160 3330 aut
2205 3257 2299 3328 ab
2329 3257 2490 3328 aliis
2529 3257 2607 3328 id
2657 3257 3018 3330 traditum
3069 3276 3502 3333 narrarunt.
3608 3260 3891 3332 Addam
3939 3263 4163 3332 etiam
4219 3264 4496 3332 Recen-

667 3341 1050 3403 putatemus.
1126 3389 1353 3458 tiores
1394 3439 1416 3473 ,
1497 3385 1632 3482 qui
1704 3381 1891 3454 mihi
1963 3381 2271 3479 quidem
2340 3381 2908 3470 innotuerunt,
2992 3382 3308 3454 eandem
3371 3386 3822 3485 opinionem
3888 3397 4208 3460 secutos.
4316 3387 4494 3454 Mox

1124 3506 1575 3604 subjungam
1631 3504 1857 3594 alios»,
1936 3506 2070 3602 qui
2142 3501 2496 3575 Fabulam
2551 3528 2705 3576 esse
2763 3504 3343 3599 intellexerunt,
3417 3507 3552 3596 vel·
3583 3507 3858 3579 saltem
3919 3506 4223 3575 idoneas
4284 3503 4494 3571 dubi·

1122 3628 1333 3702 tandi
1381 3651 1670 3702 caussas
1712 3641 2304 3728 proposuerunt.

1212 3755 1585 3852 Deinceps
1634 3753 1965 3824 rationes
2012 3751 2093 3821 in
2148 3765 2555 3847 utramque
2610 3764 2901 3848 partem
2961 3748 3431 3846 expendam:
3490 3752 3630 3834 Et,
3687 3746 3868 3817 dum
3918 3743 4492 3820 aaelfirmantium

1104 3875 1597 3976 ,probationes
1652 3889 1783 3945 aut
1840 3872 2269 3943 testimonia
2324 3894 2805 3968 nequaquam
2862 3869 3346 3943 dissimulabo
3380 3923 3400 3958 ‚
3474 3869 3798 3940 recitatis
3871 3865 4016 3937 illis
4077 3867 4433 3940 omnibus
4467 3922 4487 3958 ,

1112 4002 1553 4094 negantium
1618 3991 2227 4064 dubitantiumve
2286 4008 2738 4085 argumenta
2804 3994 2911 4065 sic
2983 3990 3454 4064 confirmabo
3489 4046 3509 4081 ‚
3591 4005 3680 4062 ut
3742 3991 4090 4089 prio‘rum
4165 3994 4496 4064 rationes

1108 4117 1339 4193 simul
1380 4116 1955 4211 redarguantur.
2386 4111 2393 4116 '

1209 4239 1607 4333 Denique,
1669 4247 2073 4332 postquam
2146 4248 2535 4309 ostensum
2592 4236 2736 4307 erit
2769 4291 2789 4325 ‚
2872 4263 3240 4335 quorsum
3291 4236 3575 4309 recidat
3625 4240 3875 4310 omnis
3921 4233 4494 4309 adfirmantium

1108 4361 1515 4433 auctoritas
1546 4411 1568 4444 ‚
1620 4354 2267 4428 demonstrabitur
2301 4412 2322 4448 ,
2386 4384 2616 4457 quam
2667 4357 2952 4431 lubrica
3027 4362 3152 4432 illa
3207 4364 3303 4434 sit
3359 4386 3520 4432 non
3569 4375 3917 4449 tantum,
3967 4359 4097 4431 sed
4152 4372 4226 4428 et
4265 4382 4494 4454 quam

1112 4482 1340 4557 falsa:
1390 4485 1492 4552 Ac
1540 4477 1828 4552 lubrica
1872 4478 2182 4578 quidem
2215 4533 2236 4568 ,
2290 4498 2668 4578 quantum
2713 4482 2983 4553 attinet
3037 4482 3130 4554 ad
3170 4487 3417 4558 Testes
3445 4541 3469 4572 ‚
3525 4500 3838 4584 propter
3880 4478 4433 4575 Polyhistorum
4471 4533 4494 4562 ,

1114 4605 1783 4702 Peripateticorum
1810 4605 2295 4702 praesertim,
2348 4628 2678 4697 errores,
2721 4607 2945 4695 vitia,
2977 4603 3206 4678 fidem
3242 4606 3597 4694 dubiam,
3652 4609 3807 4675 imo
3831 4599 4060 4669 fidem
4096 4602 4324 4673 nimis
4367 4601 4503 4674 fre·

1116 4740 1446 4829 quenter
1498 4726 1803 4798 malam.
1906 4729 2154 4825 Atque
2184 4780 2206 4816 ‚
2279 4727 2417 4800 ista
2472 4730 2554 4800 in
2609 4745 2826 4829 parte
2873 4732 3339 4804 tractationis
3384 4725 3568 4799 dum
3613 4720 4083 4796 versabimur
4114 4777 4134 4814 ,
4190 4725 4498 4822 quando

1118 4850 1216 4923 ad
1253 4847 1626 4948 judicium
1674 4847 2081 4921 hominum
2124 4849 2531 4923 doctorum
2579 4866 3073 4950 provocatum
3117 4868 3229 4925 est
3279 4851 3372 4922 de
3417 4845 3573 4916 hac
3619 4844 3893 4919 nostr-d
3953 4845 4143 4947 effla
4179 4847 4502 4944 Peripa-

1110 4978 1381 5048 tecicos
1425 4971 1713 5071 injur-id
1744 5027 1766 5062 ,
1818 5012 1912 5027 -
1961 4996 2135 5071 erga
2184 4973 2713 5071 Peripateticos
2768 4975 3287 5071 potissimum,
3341 4973 3476 5069 qui
3517 4984 3690 5069 post
3733 4984 4050 5043 aetatem
4098 4966 4500 5041 Alexandri

1121 5098 1378 5195 Magni
1427 5111 1503 5170 et
1548 5095 1690 5171 sub
1755 5094 2194 5171 Ptolemaeis
2240 5093 2678 5170 floruerunt
2711 5150 2733 5189 ,
2790 5094 3167 5170 nonnulla
3221 5092 3718 5194 disputationi
3767 5088 4444 5166 intermiscebimus
4475 5144 4499 5184 ‚

1436 5285 1473 5316 ἱ

4637 3385 4670 3404 '⁸-
