5038 5975
640 844 863 902 sueno
912 837 962 892 1.

723 923 781 997 §.
834 925 891 987 l..

603 1049 987 1113 'Atlantica-

610 1147 704 1190 tes
764 1130 1020 1187 cestium

609 1209 969 1270 convellun-

615 1303 742 1350 tur·

1020 526 1109 575 ‚2
1833 472 2744 571 anr1onrs
2867 496 3566 579 ATTICAR

1500 858 1587 956 3.,
1630 860 1755 935 tv.
1810 854 2351 935 Auctor-itate&
2405 850 2750 935 Tes'tium
2767 915 2790 950 ,
2847 854 3118 962 q'uibus
3166 859 3477 938 Fabula
3513 862 3900 967 probatur
3930 922 3953 961 ,

1695 988 2036 1059 incer-cae
2082 989 2432 1084 incer-que
2477 1007 2560 1058 se
2607 980 3052 1060 court-ariae
3096 987 3752 1065 demonstrantur.
3939 996 3948 1007 “

1137 1234 1228 1305 In
1291 1231 1507 1306 omni
1568 1227 2039 1304 accusatione
2118 1232 2455 1330 primum
2531 1244 2642 1305 est
2683 1284 2706 1323 ,
2772 1247 2861 1305 ut
2923 1228 3158 1309 fidem
3231 1244 3457 1338 atque
3524 1236 4044 1312 auctoritatem
4109 1240 4436 1315 Testium

1037 1356 1515 1456 exploremus
1552 1408 1574 1442 ,
1642 1369 1717 1426 et
1769 1355 1941 1452 quis
1991 1355 2093 1424 sit
2144 1356 2778 1427 Testimoniorum
2836 1358 3039 1428 inter
3095 1382 3174 1430 se
3233 1384 3686 1452 consensus,
3741 1360 3950 1460 quod
3997 1354 4387 1435 dissidium
4416 1415 4444 1452 ,

1039 1492 1233 1577 quae
1287 1492 1598 1577 pugna,
1668 1473 2270 1575 perpendamus;
2341 1474 2737 1574 deinceps,
2803 1480 3057 1576 priore
3128 1480 3276 1553 hoc
3336 1485 3679 1554 examine
3749 1482 4139 1573 instituto,
4207 1499 4296 1555 ut
4335 1487 4440 1557 vi·

1039 1600 1398 1688 deamus,
1453 1623 1550 1670 an
1598 1596 2037 1670 asseveratio
2086 1599 2417 1669 Testium
2447 1648 2466 1687 ‚
2521 1601 2602 1668 in
2637 1601 2890 1671 caussa
2940 1598 3211 1690 dubia,
3267 1616 3431 1679 turn
3491 1602 3792 1677 silentio
3831 1604 4151 1678 aliorum
4205 1603 4440 1678 eleve·
4499 1690 4514 1699 ,

1044 1738 1211 1811 tur,
1268 1735 1432 1792 tum
1492 1719 1853 1793 universa·
1896 1718 2145 1807 illius,
2220 1742 2451 1817 quem
2513 1735 2886 1812 onerant,
2953 1722 3148 1811 vita,
3216 1722 3597 1815 moribus,
3663 1729 3960 1826 scriptis
4007 1724 4432 1817 refellatur3

1044 1868 1208 1917 uno
1264 1843 1495 1916 verbo
1532 1892 1553 1931 ,
1627 1866 1724 1915 an
1790 1841 2311 1941 praecedentia
2352 1896 2373 1930 ,
2439 1839 2792 1938 adjuncta
2828 1893 2850 1931 ,
2920 1856 2996 1915 et
3056 1848 3596 1945 consequentia
3659 1846 4028 1945 ejusmodi
4100 1850 4300 1940 sint,
4351 1863 4445 1921 ut

1046 1966 1317 2065 judicis
1381 1968 1681 2037 animu's
1739 1966 1939 2035 certa
2009 1964 2184 2037 satis
2255 1961 2784 2062 probabilitate
2845 1974 3110 2038 contra
3163 1990 3379 2038 reum
3432 1971 3955 2067 percutiatur;
4059 1966 4437 2069 denique,

1047 2114 1148 2160 an
1224 2087 1699 2177 testificati0‚
1768 2084 2318 2185 qualiscunque
2392 2085 2519 2158 illa
2597 2086 2693 2159 sit
2729 2141 2750 2179 ,
2791 2090 3112 2158 crimen
3192 2088 3462 2187 piobet
3503 2143 3524 2180 ,
3594 2089 3993 2221 factaque,
4049 2117 4241 2189 quae
4297 2116 4448 2191 pro

1048 2213 1270 2283 certis
1320 2200 1578 2281 baberi
1629 2213 1963 2309 possint,
2033 2206 2397 2305 ejusmodi
2450 2212 2652 2299 sint,
2723 2225 2808 2282 ut
2859 2208 3161 2349 culpam
3218 2210 3615 2285 admissam
3678 2214 3757 2283 in
3810 2238 3890 2286 se
3950 2214 4438 2304 contineant,

1051 2347 1127 2405 et
1173 2357 1252 2404 re
1288 2333 1466 2431 ipsa
1504 2329 2051 2405 demonstrent.
4453 2325 4464 2332 ’

1150 2456 1387 2553 Igitur
1445 2452 1996 2552 dispiciendum
2071 2450 2323 2551 primo
2380 2466 2581 2525 ,esset
2621 2500 2643 2543 ,
2717 2458 2850 2551 qui
2921 2454 3332 2555 qualesque
3387 2448 3543 2567 sint
3590 2505 3610 2546 ‚
3679 2474 4010 2555 quorum
4077 2450 4306 2528 fidem
4360 2458 4442 2531 iu

1051 2577 1436 2677 arguendo
1482 2582 1778 2659 Socrate
1830 2581 2133 2648 Veteres
2179 2578 2808 2671 Recentioresque
2848 2586 3278 2672 sequuntur
3297 2568 3328 2645 τ’
3370 2582 3653 2647 Verum
3676 2631 3696 2667 ,
3751 2603 3994 2675 quum
4048 2577 4195 2650 hoc
4240 2603 4447 2677 argu·

1054 2696 1399 2773 mentum
1445 2698 1942 2796 conjunctum
1994 2701 2091 2771 sit
2146 2696 2320 2768 'cum
2383 2690 2822 2794 exceptione
2887 2692 3042 2799 doli
3101 2709 3177 2768 et
3229 2678 3714 2789 calumniae,
3780 2724 3930 2797 qua
3974 2715 4236 2772 contra
4286 2725 4441 2772 eos·

1054 2821 1228 2895 dem
1299 2822 1465 2894 illos
1513 2820 1829 2894 Fabulae
1880 2836 2221 2892 auctores
2274 2822 2377 2889 ita
2427 2843 2691 2890 sumus
2737 2820 2944 2891 usuri
2975 2824 3022 2907 ,‘
3064 2832 3153 2891 ut
3196 2843 3338 2921 pro
3379 2808 3931 2895 accusatoribus
3983 2822 4092 2893 'rei
4125 2816 4446 2897 evadant

1051 2943 1487 3045 fraudisque
1562 2946 1879 3018 crimine
1939 2944 2492 3017 convincantur
2534 2996 2555 3030 ,
2625 2943 2897 3014 omissa
2959 2939 3342 3039 paulisper
3405 2940 3550 3014 hac
3619 2940 4071 3016 defensionis
4147 2938 4443 3018 nostrae

1052 3085 1305 3169 pai-,te
1360 3072 1440 3140 in
1496 3069 1871 3165 praesenti
1917 3067 2235 3164 planum
2284 3055 2692 3151 faeiei'xms,
2745 3087 2973 3160 quam
3023 3063 3165 3160 ipsi
3203 3064 3405 3135 inter
3437 3090 3514 3140 se
3554 3067 3999 3140 testimoniis
4036 3063 4442 3139 dissideant

1054 3207 1131 3266 et
1178 3185 1772 3263 auctoritatibus.

1152 3319 1256 3384 Ac
1302 3312 1639 3409 primurn
1699 3305 2057 3405 quidem,
2123 3293 2184 3378 si
2242 3259 2692 3401 quaeramus
2727 3358 2747 3394 ,
2821 3306 2993 3403 quis
3050 3293 3417 3399 demum,
3489 3304 3773 3382 Socrati
3838 3317 4074 3383 aetate
4119 3305 4450 3426 aequalis

1054 3437 1303 3534 ejusve
1343 3439 1677 3529 tempora
1728 3429 2104 3525 attingens
2132 3482 2152 3517 ,
2203 3425 2509 3526 διγκμῖων
2545 3426 2744 3500 illius
2781 3429 3352 3524 memoraverit,
3388 3435 4012 3506 Ams‘roretes
4063 3433 4157 3506 ab
4192 3436 4448 3507 omni

1051 3543 1201 3631 bus
1260 3571 1526 3630 auctor
1592 3550 2181 3641 memorabitur,
2263 3550 2382 3626 vel
2439 3553 2500 3624 is
2552 3547 2812 3625 saltem
2848 3601 2868 3642 ‚
2957 3555 3093 3655 qui
3155 3553 3299 3630 sub
3355 3554 3792 3656 Philosophi
3856 3557 4242 3651 stagiritae
4303 3579 4445 3626 no·

1006 3685 1266 3782 :mine
1310 3663 1681 3752 Libellum
1733 3696 1840 3747 DE
1885 3675 2454 3750 Nomm‘rsrn
2511 3678 2996 3777 conscripsit:
3071 3682 3238 3769 Qua
3297 3681 3378 3751 in
3441 3704 3520 3750 re
3577 3678 3926 3778 equidem
3981 3675 4446 3748 animadver-

1008 3801 1266 3879 'sione
1328 3800 1532 3875 haud
1602 3799 2003 3899 indignum
2076 3826 2344 3875 censeo
2385 3853 2406 3884 ‚
2484 3799 2627 3870 tale
2691 3800 3185 3871 accusationis
3253 3827 3405 3875 esse
3468 3802 3772 3872 initium
3815 3849 3836 3889 ‚
3912 3794 4154 3896 qualis
4214 3800 4445 3873 totius

1055 3949 1351 4002 caussae
1407 3940 1674 4011 tenor,
1729 3938 1816 3992 ut
1872 3919 2191 4008 scilicet,
2267 3941 2461 4016 quae
2511 3919 2882 3992 accusatio
2937 3919 3717 4021 nullfi·prol›abilitate
3770 3947 3845 3994 se
3898 3919 4377 3993 commendet
4419 3967 4443 4014 ,

1059 4052 1249 4147 'quin
1303 4049 1566 4117 contra¹
1614 4045 1845 4113 totius
1892 4023 2382 4136 Antiquitatis
2432 4039 2680 4111 m'ores
2727 4059 2986 4139 peccet
3051 4060 3277 4144 atque
3347 4044 3541 4144 leges
3577 4096 3600 4133 ‚
3680 4058 3863 4117 teste
3915 4043 4098 4115 haec
4157 4047 4450 4118 nitatur

1064 4167 1199 4241 illo
1246 4165 1670 4263 Scriptore',
1724 4155 1861 4260 qui
1926 4186 2022 4232 an
2076 4160 2138 4233 is
2188 4187 2357 4235 vere
2413 4163 2550 4254 sit,
2623 4165 2850 4264 quem
2899 4192 2976 4240 se
3034 4191 3187 4242 esse
3236 4165 3465 4262 serat,
3535 4190 3630 4238 an
3679 4182 4126 4266 personatus
4180 4166 4449 4265 aliquis

1057 4289 1332 4363 Planus
1391 4300 1466 4356 et
1521 4289 1898 4382 Impostor
1936 4334 1957 4376 ,
2034 4288 2475 4361 nesciamus.
2531 4327 2668 4344 ---
2733 4289 2920 4378 Quis
2976 4281 3255 4379 talem,
3331 4292 3412 4361 in
3469 4293 3722 4362 caussa
3771 4289 4109 4363 hominis
4173 4289 4442 4388 privati

1044 4414 1269 4485 etiam
1332 4406 1692 4496 minima,
1747 4420 2011 4479 testem
2062 4407 2445 4499 admittat,
2500 4413 2634 4510 qui
2679 4411 2880 4506 cujas
2926 4413 3063 4501 sit,
3117 4427 3193 4484 et
3250 4435 3348 4483 an
3399 4437 3580 4484 vero
3637 4414 3951 4485 nomine
3983 4410 4439 4509 productuS,

1046 4559 1146 4606 an
1200 4532 1353 4605 sub
1397 4528 1757 4601 ementita
1810 4527 2133 4631 persona
2182 4529 2466 4620 latens,
2521 4531 2921 4614 adfinnare
2967 4553 3132 4607 non
3181 4535 3594 4609 sustineas?
3641 4571 3778 4606 -v
3827 4529 4051 4622 Quod
4083 4533 4142 4604 si
4181 4529 4448 4606 Libelli

1053 4659 1199 4754 περὶ
1243 4647 1566 4751 Ειῆενεῖιις
1613 4677 1885 4752 parens
1929 4653 2358 4728 Aristoteles
2425 4677 2586 4727 non
2642 4655 2934 4749 fuerit,
3003 4657 3181 4750 sed,
3254 4658 3601 4731 mendaci
3656 4653 3877 4729 titulo
3932 4651 4256 4730 emtores
4307 4656 4450 4729 sibi

1060 4795 1191 4854 aut
1222 4773 1546 4850 'lectores
1600 4765 2025 4872 quaerens',
2100 4779 2434 4878 scriptor
2497 4776 2766 4876 aliquis
2819 4778 2912 4852 de
2971 4777 3198 4880 vulgo
3233 4835 3256 4873 ,
3332 4781 3546 4878 cujus
3603 4807 3700 4852 ne
3757 4782 4076 4870 ae’tatern
4135 4778 4446 4875 quidem

1064 4899 1381 4975 definire
1447 4912 1732 5000 queant
1798 4899 2112 4972 Fabulae
2183 4903 2544 4998 patroni,
2620 4924 2812 4996 quae
2875 4901 3183 4974 demum
3267 4902 3468 4974 illius
3541 4918 3654 4976 est
3724 4906 4123 4980 auctoritas
4159 4946 4181 4987 ,
4255 4920 4451 4994 quae

1064 5001 1441 5097 {idest-
1490 5021 1620 5094 sed
1673 5021 1852 5096 huic
1904 5021 2414 5122 reprobationi
2459 5024 2689 5093 Testis
2738 5024 3004 5096 incerti
3058 5049 3233 5095 mox
3275 5023 3608 5097 validius
3640 5027 4092 5097 insistemus.
4197 5019 4451 5090 Fuerit

1064 5171 1241 5219 vero
1293 5145 1557 5222 Libelli
1607 5171 1880 5247 parcns
1936 5144 2412 5234 Aristoteles,
2467 5168 2607 5216 nec
2642 5169 2782 5236 ne,
2836 5146 3062 5218 altera
3115 5170 3291 5219 mox
3336 5149 3677 5248 quaestio
3733 5145 4025 5233 existit,
4082 5133 4448 5242 illumne,
