5038 5975
1304 521 1482 621 ne
1606 506 2311 621 DIGAMIR
2436 547 3234 622 socRArls
3884 545 4017 646 1ss

620 747 836 824 (lium
894 749 977 818 in
1025 744 1260 816 literis
1316 743 1767 817 collocatum
1818 747 2139 817 servitus
2191 741 2637 842 est‘liberali
2681 743 2997 826 homine
3051 743 3402 841 indigna,
3462 741 4016 815 vindicaremus
4071 734 4413 886 SssgT¹05¹L

620 893 664 942 a
714 867 1227 966 superstitiosa
1267 869 1424 939 'ista
1477 865 1983 940 sollicitudine
2040 883 2114 940 et
2165 863 2503 954 miseria,
2560 893 2790 964 quam
2853 863 3210 942 imbecilli
3278 865 3515 935 animi
3565 863 3779 936 facile
3831 891 4007 936 con·
4191 859 4199 867 ’
4252 831 4275 867 ¹
4329 850 4346 868 ⁸
4419 927 4430 932 -

620 992 956 1089 cipiunt,
1010 1007 1148 1061 suo
1194 991 1454 1060 omnia
1490 989 1718 1061 modo
1771 994 2204 1080 metienteS,
2263 1014 2455 1088 quae
2499 1014 2676 1061 vero
2722 988 2814 1060 ab
2854 977 3235 1061 erectioris
3266 989 3553 1084 ingenii
3599 989 3777 1059 viris
3816 990 4014 1084 justa

618 1091 1077 1211 plerumque
1142 1111 1462 1184 habetur
1511 1138 1802 1201 caussa,
1857 1128 1945 1185 ut
2000 1115 2195 1211 ipsas
2246 1110 2495 1185 literas
2555 1089 3235 1183 contemnant.'-
3301 1115 3701 1208 Superest,
3756 1125 3846 1182 ut
3903 1111 4010 1180 vi-

618 1226 1079 1307 deamus-de
1138 1235 1502 1305 maximci
1572 1235 1700 1306 illa
1734 1242 2224 1306 auctoritate
2289 1236 2772 1323 Aristoxeni,
2827 1229 3271 1334 Hieronymi
3331 1231 3650 1322 Rhodii,
3706 1256 3790 1304 ac
3845 1231 4016 1305 reli-

615 1369 948 1453 quorum
1003 1355 1760 1454 Ρειψαιθιιηοοναηι
1843 1371 2158 1456 propter
2225 1337 2455 1457 quam
2524 1371 2796 1429 cuncta
2867 1379 3133 1429 eorum
3194 1379 3508 1453 operum
3540 1354 4013 1453 fragmenta

610 1481 921 1550 summa
968 1476 1373 1574 diligencia
1425 1483 1586 1547 sinc
1624 1477 2090 1576 colligenda.
2194 1481 2334 1552 Hic
2385 1505 2609 1570 ver0,
2669 1496 2757 1552 ut
2805 1477 2896 1550 de
2959 1477 3321 1551 omnibus
3362 1502 3446 1549 ac
3493 1477 3808 1576 singulis
3856 1503 4014 1576 aga·

613 1621 790 1671 mus
853 1583 1384 1696 Peripateticae
1444 1613 1685 1671 sectae
1744 1598 2267 1699 Philosophis,
2333 1627 2562 1672 nemo
2616 1627 2864 1700 neque
2923 1626 2963 1672 a
3019 1599 3240 1673 nobis
3282 1613 3707 1699 exspectet,
3763 1625 4014 1698 neque

613 1736 787 1821 post
835 1747 959 1810 ea,
1015 1743 1207 1819 quae
1258 1725 1605 1821 superius
1656 1722 2038 1821 disputata
2097 1738 2317 1813 sunt,
2370 1724 2749 1823 postulet;
2805 1748 2947 1795 nec
3000 1723 3330 1821 denique
3391 1720 3589 1795 fama
3644 1724 4009 1811 SocratiS,

614 1845 849 1941 q'nam
900 1842 1416 1936 defendimus,
1481 1847 1708 1943 exigit
1759 1861 1895 1918 aut
1942 1845 2271 1943 flagitat,
2326 1845 2638 1944 quando
2684 1843 2887 1918 inter
2926 1848 3127 1948 ipsos
3166 1846 3692 1941 Peripateticos
3740 1867 4014 1943 parens

611 1964 1141 2062 Philosophiae
1212 1966 1634 2040 laudatores
1715 1969 2010 2040 invenit
2094 1984 2169 2039 et
2251 1971 2626 2039 virtutum
2694 1992 3001 2041 suarum
3087 1991 3367 2064 aequos
3440 1969 4006 2040 existimatores.

609 2089 804 2161 Gum
851 2084 1031 2160 solis
1079 2085 1285 2160 illius
1319 2087 2001 2162 calumniatoribus
2041 2113 2082 2159 e
2126 2092 2373 2186 Lyceo
2419 2065 2817 2187 profectis,
2869 2089 3152 2186 'quibus
3202 2086 3457 2160 fabula
3499 2086 3591 2161 de
3635 2085 4016 2187 Digamz‘c’fi

608 2207 965 2281 Socratis
990 2243 997 2254 ·
1026 2208 1393 2300 debetur,
1449 2211 1670 2285 nobis
1712 2236 1829 2284 res
1883 2223 2032 2300 est,
2086 2236 2282 2311 quos
2328 2228 2782 2284 cum’antca
2835 2210 3246 2283 viderimus
3299 2212 3765 2285 Triumviros
3815 2238 4009 2302 esse,

604 2329 1136 2404 'Aristoxenum
1166 2336 1764 2432 ,Hieronymum
1802 2333 2228 2409 Rhodium,
2285 2340 2677 2420 Satyrum,
2724 2332 3084 2418 agedum,
3136 2335 3270 2420 qui
3300 2332 3712 2424 qualesque
3757 2337 4015 2416 animo

608 2465 835 2548 atque
898 2455 1209 2544 ingenio
1258 2451 1588 2533 fuerint,
1644 2465 1797 2541 qua
1846 2443 2333 2532 auctoritate,
2412 2468 2570 2541 quo
2626 2446 2811 2514 recti
2876 2465 2962 2513 ac
3014 2446 3171 2514 veri
3217 2467 3532 2546 amore,
3589 2474 3742 2547 qua
3801 2453 3955 2523 fide
3988 2507 4007 2544 ,
4057 2469 4062 2477 '

607 2573 853 2646 citatis
910 2592 1003 2640 ex
1034 2581 1043 2590 ⁴
1073 2553 1547 2664 Antiquitate
1588 2564 1965 2656 testibus,
2010 2575 2123 2621 '···-
2169 2561 2376 2637 haud
2424 2565 2925 2663 injucundam
2966 2567 3599 2672 controversiam,
3656 2571 4013 2673 discepte-

607 2715 825 2765 mus.
881 2694 1133 2782 Quae
1147 2689 1459 2811 quidem
1505 2693 2017 2765 controversia
2062 2716 2152 2766 eo
2192 2691 2461 2762 minus
2508 2689 2754 2761 aliena
2809 2688 2902 2762 ab
2955 2688 3100 2762 hac
3155 2693 3413 2764 nostra
3471 2696 3725 2767 caussa
3775 2697 4013 2771 videri
4059 2709 4068 2722 '

603 2805 902 2913 φῦραι,
956 2812 1169 2914 quod
1222 2813 1663 2909 defensoris
1702 2821 2057 2915 propriu-t
2106 2815 2318 2887 locus
2359 2831 2480 2887 esc
2490 2867 2514 2902 ,
2571 2837 2749 2886 cum
2795 2823 3332 2887 accusatorem
3387 2813 3496 2914 (1)
3549 2811 4020 2893 calumniari
4065 2821 4078 2846 ¹

601 2944 1097 3009 criminatur.
1202 2939 1535 3031 Qua'ndo
1585 2954 1838 3014 autem
1896 2938 2122 3014 rebus
2176 2942 2357 3040 ipsis
2404 2936 2768 3038 factisque
2817 2935 3307 3012 manifestum
3366 2954 3515 3029 est,
3572 2939 3725 3037 (uti
3792 2957 4013 3017 antea

597 3060 1173 3159 probavimus,)
1226 3088 1479 3160 neque
1532 3067 1919 3159 geminam
1963 3044 2228 3137 eodem
2283 3078 2625 3164 tempore
2672 3088 2717 3135 a
2768 3068 3068 3136 Socrate
3113 3063 3418 3136 ductam
3462 3070 3818 3157 uxorem,
3841 3088 4014 3140 nec

598 3180 977 3277 legitimae
1033 3185 1338 3281 conjugi
1411 3182 1758 3282 pellicem
1812 3184 2207 3257 inductam
2268 3186 2543 3274 fuisse3
2596 3186 2909 3282 quando
2964 3212 3197 3287 porro
3249 3202 3593 3277 constat,
3657 3188 3855 3261 hanc
3909 3189 4013 3262 fa-

599 3299 1512 3391 bulam,ab.Aristoxeno
1564 3310 2049 3394 potissimum
2089 3364 2110 3399 ,
2183 3312 2651 3407 Hieronymo
2713 3309 2900 3381 item
2947 3308 3306 3399 Rhodio,
3385 3336 3472 3385 ac
3541 3317 3808 3412 Satyro
3859 3338 4015 3391 esse

600 3421 1018 3523 profectam
1052 3474 1073 3509 ,
1126 3461 1216 3477 —
1264 3418 1394 3491 hic
1452 3444 1683 3518 quam
1715 3425 2067 3519 „maxime
2118 3427 2800 3497 demonstrandum
2858 3431 3077 3502 nobis
3130 3433 3309 3520 erit,
3366 3446 3557 3521 tres,
3614 3460 3807 3533 quos
3855 3463 4018 3510 mo-

600 3544 704 3619 do
743 3543 1225 3631 dicebamus,
1280 3540 1789 3640 Polyhistoras
1846 3544 2376 3642 Peripateticos
2428 3542 2610 3615 tales
2658 3542 2881 3615 fuisse
2935 3547 3229 3632 indole,
3282 3552 3593 3637 studiis,
3637 3580 3735 3624 ·ac
3780 3563 4017 3629 mori-

599 3666 793 3758 bus,
847 3681 938 3739 ut
1009 3664 1434 3739 calumniae
1492 3667 1782 3737 crimen
1846 3668 1929 3736 in
1981 3690 2107 3740 eos
2153 3665 2415 3738 cadere
2468 3666 2969 3765 potuerit;,si
3028 3679 3280 3735 autem
3328 3672 3705 3763 potuerit,
3760 3658 4004 3768 riuum

598 3791 917 3903 insuper
961 3782 1220 3861 rerum
1271 3786 1525 3858 adsint
1576 3790 2045 3874 testimonia,
2099 3791 2635 3860 Aristoxenum
2687 3788 3167 3909 praesertim,
3241 3788 4006 3888 IlieronymLBhodii
4122 3844 4136 3854 .

599 3914 1165 4023 praeceptorem
1223 3936 1309 3982 ac
1375 3906 1861 3997 familiarem,
1915 3910 2237 3979 Socratis
2295 3905 2584 3999 famam
2645 3913 2914 4003 quovis
2970 3908 3334 3983 dedecore
3386 3935 3471 3981 ac
3531 3918 3905 4014 turpitudi
3915 3886 4396 4027 ηεέζῖξὲωζῗο

603 4004 1235 4119 commaculasse,
1288 4054 1591 4101 summo
1632 4031 1803 4123 jure
1839 4028 2213 4115 conficere
2258 4027 2437 4102 inde
2491 4024 2966 4118 videbimur,
3019 4030 3266 4103 istam
3296 4031 3396 4104 de
3421 4033 3817 4134 Βὶςαηιὶά
3857 4039 4009 4112 ὁο-
4045 4047 4395 4106 Ίθϊψωηνιιι

601 4150 904 4224 cruciaci
982 4147 1376 4220 Fabulam
1439 4149 1576 4246 (ut
1633 4151 1788 4245 jam
1854 4150 2037 4223 olim
2116 4176 2160 4223 a
2235 4154 2677 4222 ΒΕιιι-ιιειο
2746 4150 3169 4248 judicatum
3251 4153 3404 4251 est)
3482 4182 3785 4232 meram
3848 4190 4003 4237 esse
4036 4125 4373 4265 ἒῖζψαω

600 4273 1139 4359 calumniam,
1215 4269 1415 4344 hanc
1474 4294 1653 4347 vexo
1721 4270 2180 4346 calumniam
2242 4273 2736 4349 Triumviris·
2760 4273 2974 4363 istis,
2995 4289 3130 4347 ut
3188 4280 3459 4374 primis
3511 4285 3996 4379 auctoribus,

601 4395 1084 4472 tribuendam

694 4520 1177 4593 Triumviros
1226 4482 1477 4591 autem
1530 4545 1773 4617 quum
1818 4519 2286 4619 appellamus
2335 4532 2485 4593 tres
2533 4519 2802 4621 hosce,
2862 4547 2954 4594 ex
2988 4512 3248 4593 schola
3277 4518 3802 4633 Peripatetica
3828 4555 3996 4627 pro-

605 4638 888 4729 sectos,
940 4640 1439 4753 Philosophos
1472 4696 1492 4732 ‚
1544 4642 1861 4751 dicam,
1912 4666 2011 4713 an
2076 4639 2543 4743 Philologos,
2598 4642 2803 4717 haud
2850 4648 3015 4720 sine
3063 4646 3358 4720 ratione
3389 4646 3470 4719 id
3511 4646 3752 4721 facere
3793 4651 3991 4723 vidc-

602 4760 909 4854 bimur,
962 4765 1022 4835 si
1078 4769 1465 4863 cognitum
1518 4767 1655 4859 sit,
1711 4765 1879 4839 illos
1936 4763 2197 4837 eadem
2256 4768 2375 4838 in
2401 4793 2482 4841 re
2543 4766 2976 4870 exemplum
3038 4782 3172 4843 aut
3228 4784 3460 4845 testes
3502 4797 3720 4872 saepe
3765 4774 3990 4847 simul

681 5063 766 5145 (ι)
804 5069 1030 5128 Auctor
1070 5064 1331 5131 macor.
1371 5065 1468 5129 ad
1500 5030 1899 5133 nereidum
1936 5068 2073 5136 Lib.
2113 5074 2195 5135 11.
2237 5072 2385 5156 cap.
2425 5072 2487 5138 Β.

3443 5239 3506 5311 Y
3556 5238 3602 5311 3
