5038 5975
1360 524 1541 616 ne
1662 494 3304 611 n1cAM1A'socRA‘r'1'S.
3501 536 3548 563 s
3937 516 4041 632 2⁸7

628 740 797 810 Jam
858 748 1113 807 autem
1186 756 1381 832 quae
1411 787 1436 822 ,
1488 730 1820 805 malum!
1900 740 2355 832 περπλωιεῒσα
2406 744 2707 834 poterat
2761 730 3008 825 λαθεῖν,
3081 731 3228 805 nisi
3263 728 3524 830 pellex
3571 742 3702 802 aut
3752 752 4028 802 concu-
4091 732 4315 868 sam-1}
4353 731 4446 799 .1.·

630 855 868 945 bina,
924 859 1030 927 ita
1089 870 1229 947 ut,
1280 857 1416 955 qui
1468 880 1558 928 ex
1624 858 1817 953 Lege
1874 860 2267 954 geminum
2326 858 2535 929 domi
2577 870 2831 928 torum
2888 856 3162 927 habere
3230 861 3493 953 Satyro
3540 854 4030 951 Peripatetico
4176 811 4234 886 ς’
4321 848 4374 867 ’”

630 995 709 1052 et
767 981 1236 1079 Hieronymo
1302 976 1599 1049 Rhodio
1650 976 2046 1051 videbatur
2089 1037 2109 1071 ,
2183 983 2339 1079 jam
2400 979 2695 1051 adulter
2752 977 2982 1050 fuerit
3044 993 3116 1050 et
3183 979 3375 1049 elam
3439 975 3854 1048 amaverit?
3925 1017 4076 1067 -—⁴

628 1105 1120 1174 Aristoxenus
1164 1126 1442 1200 porr0,
1494 1103 1558 1173 si
1613 1098 1770 1171 ulla
1824 1103 2247 1207 Porphyrio
2297 1118 2409 1176 est
2461 1102 2651 1176 fides
2682 1156 2702 1193 ‚
2756 1100 3149 1210 pellicatus
3213 1101 3500 1171 crimen
3550 1098 4031 1198 Xanthippae

630 1224 941 1314 tribuit,
995 1222 1037 1315 ἢ
1078 1234 1534 1323 περπλακεῖσα
1562 1221 1782 1316 ἔλαθε,
1828 1224 2014 1297 dum
2064 1230 2317 1325 Myrto
2370 1228 2593 1322 justis
2644 1227 2936 1323 nuptiis
3001 1220 3560 1295 materfamilias
3618 1222 3908 1312 erat,·›5
3960 1223 4036 1302 δὲ

622 1345 865 1445 Μυρτὼ
889 1344 1113 1448 γάμῳ.
1163 1389 1255 1406 --
1302 1348 1452 1421 Alii
1496 1371 1679 1421 vero
1704 1403 1727 1438 ,
1779 1345 2151 1421 referente
2182 1348 2587 1422 Plutarcho
2610 1403 2633 1438 ,
2686 1349 3187 1445 scripserunt,
3219 1342 3711 1442 Xanthippen
3749 1351 4058 1420 Socrati*
4127 1394 4132 1403 ·

625 1467 1037 1565 legitimam
1102 1470 1279 1541 lecti
1348 1474 1627 1540 sociam
1684 1473 1842 1565 jam
1899 1485 2088 1545 tunc
2136 1469 2360 1545 fuisse
2394 1525 2416 1559 ,
2470 1496 2646 1543 cum
2711 1467 3252 1568 pauperculam
3299 1465 3640 1565 Myrtum
3679 1520 3698 1556 ,
3752 1468 4036 1541 miseri·-

626 1589 882 1662 cordia
944 1588 1218 1663 ductus
1250 1644 1270 1678 ‚
1353 1586 1565 1659 domi
1638 1592 2006 1687 reciperet
2054 1614 2229 1663 suae
2253 1646 2273 1678 ,
2348 1592 2469 1662 vel
2523 1594 2765 1689 priori
2818 1589 3339 1673 succidaneam
3409 1587 3850 1685 adjungeret
3900 1604 4032 1663 aut
4079 1656 4085 1666 .

623 1715 1018 1785 vicariam:
1053 1755 1157 1770 —
1198 1714 1462 1810 ιξοροῦσι
1475 1762 1503 1804 ,
1548 1710 1788 1810 Μυρτὼ
1826 1710 2190 1811 θυγατριὸὶμ
2223 1711 2550 1811 Α’ρςάῶυ
2591 1709 2903 1812 Σωκράτει
2947 1711 3045 1812 τῷ
3083 1710 3278 1810 σοφῷ
3325 1712 3680 1799 συνουιῆσοα
3691 1760 3717 1802 ,
3761 1721 4031 1810 awa-'cim

608 1836 738 1930 μὲν
768 1835 979 1934 ἑτέραν
1011 1837 1233 1940 ἔχοντι
1239 1888 1267 1930 ,
1295 1843 1529 1927 ταύτην
1556 1835 1602 1915 ὃ
1612 1841 1630 1868 ’
1659 1836 2050 1935 ὧιιιλοιβόπι
2080 1842 2474 1940 &padova-w
2510 1836 2620 1914 δὶὲι
2650 1840 2857 1915 mim
2886 1840 2996 1913 καὶ
3026 1842 3146 1914 τῶν
3182 1834 3532 1935 ἀναγκαίαν
3560 1822 4029 1943 &demam-

620 1962 883 2058 Neque
935 1966 1194 2036 minus
1237 2015 1259 2052 ‚
1335 1964 1470 2061 qui
1536 1961 1793 2034 ambas
1861 1963 2202 2059 legitimo
2256 1962 2749 2035 matrimonio
2807 1960 3068 2034 ductas
3119 1974 3494 2063 putarunt
3531 2013 3552 2047 ‚
3632 1963 4026 2035 sententiis

618 2082 823 2153 inter
879 2109 955 2157 se
1020 2084 1687 2183 discrepaverunt:
1769 2087 1962 2158 Nam
2022 2083 2455 2158 Aristoteles
2490 2140 2511 2174 ,
2584 2099 2888 2158 auctore
2940 2087 3276 2183 Diogene
3346 2085 3643 2156 Lai-'irtio
3675 2138 3696 2174 ,
3767 2084 4026 2159 retulit

614 2200 729 2313 ὃῆο
790 2218 1095 2305 ’γυναῖκας
1147 2209 1339 2284 auh-br
1395 2206 1764 2308 dayam-‘edm
1794 2259 1824 2302 ‚
1887 2206 2187 2308 προτέρω
2242 2211 2363 2308 μὶ-ν
2407 2206 2759 2298 Ξωνθίππην
2782 2259 2810 2300 ,
2900 2242 3003 2265 --
3069 2205 3358 2308 δευτέρω
3414 2200 3492 2287 δὲ
3555 2206 3793 2307 Μυρτὼ
3821 2258 3847 2300 ,
3912 2209 4020 2299 τὴν

615 2326 943 2426 Α’ριςείὃου
993 2339 1111 2407 τοῦ
1171 2334 1426 2410 Δικαᾶου
1477 2331 1833 2434 θυγατέρα,
1878 2334 1949 2427 ἢν
2002 2336 2112 2412 καὶ
2159 2335 2452 2436 ἄπροιιων
2493 2335 2734 2434 λαβεῖν.
2779 2369 2888 2388 --
2929 2332 3158 2407 Addit
3177 2341 3381 2407 'vero
3435 2335 3826 2411 Laertius:
3880 2372 4019 2393 -—-

602 2454 678 2525 aea‘
718 2450 793 2528 δὲ
841 2456 1139 2553 προτέρω
1185 2462 1399 2556 γῆμαι
1452 2459 1561 2550 τὴν
1597 2460 1837 2558 Μυρτὼ
1890 2460 2080 2557 φατι-ἰ.
2113 2442 2301 2560 em*
2345 2459 2952 2534 Posterior'haec
2994 2454 3305 2567 quidem
3349 2458 3723 2533 sententia
3745 2509 3768 2547 ‚
3822 2461 4018 2557 Myr·-

623 2572 704 2642 ῐό
754 2577 1026 2670 primis
1087 2581 1378 2673 nuptiis
1438 2603 1482 2648 a
1537 2586 1837 2649 Socrate
1887 2585 2193 2673 juniore
2249 2585 2413 2651 sine
2478 2581 2659 2657 'dote
2708 2582 3019 2655 ductam
3056 2635 3077 2669 ‚
3149 2594 3323 2679 post
3365 2578 3570 2651 illius
3616 2603 3657 2651 e
3698 2580 3849 2650 vita
3896 2578 4018 2650 de·

509 2763 512 2766 ,
616 2717 908 2766 cessum
959 2697 1121 2768 sine
1190 2695 1445 2770 liberis
1516 2697 1828 2771 alteram
1883 2720 1924 2768 a
1975 2696 2436 2796 Philosopho
2479 2752 2500 2788 ,
2575 2714 2816 2771 aetate
2878 2702 3035 2796 jam
3110 2699 3608 2797 provectiori,
3677 2680 4012 2799 legitimo

616 2818 1112 2890 matrimonio
1178 2818 1321 2892 sibi
1387 2820 1734 2916 junctam
1790 2819 2286 2919 Xanthippen
2330 2875 2352 2909 ‚
2432 2847 2525 2893 ex
2575 2820 2812 2918 eaque
2889 2835 3040 2892 tres
3112 2816 3311 2893 filios
3356 2834 3740 2921 susceptos
3770 2876 3792 2912 ‚
3873 2861 4015 2883 ---

613 2935 844 3028 haec,
928 2939 1245 3037 inquam
1288 2994 1311 3029 ,
1388 2945 1767 3016 sententia
1820 2945 2045 3017 unice
2117 2940 2513 3042 probanda
2587 2943 2810 3019 nobis
2872 2943 3196 3019 videtur.
3311 2947 3446 3018 Sin
3519 2959 3774 3021 autem
3837 2970 4009 3020 vere

604 3062 1047 3157 scripserint
1095 3039 1589 3136 Aristoxenus
1639 3068 2062 3164 caeterique
2097 3118 2125 3150 ‚
2199 3064 2800 3162 Sophroniscum
2860 3087 2945 3136 ac
3007 3072 3518 3142 Menexenum
3580 3072 3865 3143 Socrati
3915 3094 4010 3147 ex.
4199 3091 4331 3130 .,.....·

609 3187 963 3281 Myrtone
1026 3198 1246 3259 natos
1307 3183 1578 3275 fuisse,
1631 3191 2007 3260 sententia
2075 3186 2202 3262 illa
2245 3185 2394 3275 hoo
2452 3185 2687 3259 habet
2750 3188 3272 3280 incommodi,
3327 3204 3416 3264 ut
3469 3191 3946 3295 Lamprocles
3975 3247 3998 3284 ,

606 3309 954 3400 quamvis
1013 3308 1227 3402 prior
1291 3323 1480 3379 natu
1504 3363 1525 3398 ,
1584 3310 1937 3384 secundis
1990 3313 2282 3411 nuptiis
2338 3311 2693 3414 genitus3
2760 3311 3105 3408 juniores
3157 3335 3338 3387 vero
3368 3368 3390 3405 ‚
3446 3293 3774 3416 quidue,
3827 3339 4008 3391 cum
4113 3333 4118 3338 ’

607 3440 822 3524 pater
874 3427 1197 3497 cicutam
1266 3424 1605 3515 biberet,
1682 3431 2012 3500 infantes
2067 3434 2316 3505 adhuc
2376 3448 2594 3532 erant
2618 3488 2641 3523 ,
2714 3426 3269 3534 Sophroniscus
3331 3460 3417 3508 ac
3490 3425 3952 3516 Menexenus
3978 3495 3999 3532 ,
4092 3527 4097 3534 .

606 3548 865 3645 priore
903 3545 1190 3619 fuerint
1226 3549 1719 3621 matrimonio
1753 3551 2107 3648 prognati
2143 3577 2160 3621 ε
2242 3555 2588 3641 Etenim,
2639 3557 3163 3654 Lamproclem
3219 3560 3702 3660 Xanthippae
3752 3561 4005 3638 filium

603 3666 877 3758 fuisse,
932 3671 1161 3742 nimis
1221 3674 1626 3770 perspicuo
1688 3671 2082 3745 constabat
2125 3676 2744 3745 Xssuornonrls
2781 3675 2886 3771 (5)
2953 3679 3431 3767 testimonio,
3485 3706 3716 3778 quam
3771 3698 3858 3755 ut
3920 3688 4004 3758 in

602 3791 925 3864 dubium
990 3792 1072 3865 id
1140 3796 1389 3865 vocari
1453 3807 1728 3894 posset.
1835 3796 1927 3864 In
1987 3784 2130 3864 ha‘c
2186 3796 2420 3890 igitur
2473 3794 2735 3894 pugna
2773 3848 2796 3883 ‚
2875 3808 2953 3867 et
3017 3821 3116 3868 ne
3165 3798 3477 3870 secundi
3534 3804 4005 3877 matrimonii

602 3913 853 4012 proles
906 3916 1149 4010 major
1210 3930 1397 4000 natu
1449 3929 1641 3989 esset
1696 3915 1952 3987 liberis
2000 3940 2093 3987 ex
2170 3916 2425 4015 priore
2485 3918 2798 4013 genitis,
2849 3937 3007 4014 quo
3069 3918 3264 3992 nihil
3331 3919 3732 3994 absurdius
3785 3938 4006 4022 pote-

602 4049 721 4106 rat
757 4039 1101 4131 cogitari,
1153 4062 1449 4111 necesse
1494 4036 1763 4112 habuit
1808 4041 2337 4129 AristoxenuS,
2393 4065 2570 4112 cum
2619 4037 2931 4137 reliquis
2977 4038 3194 4112 illum
3243 4044 3558 4132 secutis,
3609 4041 3848 4119 filiam
3882 4051 4002 4126 vel

603 4169 912 4252 neptem
965 4157 1304 4244 Aristidis
1348 4158 1754 4232 secundam
1818 4159 2277 4261 Philosopho
2349 4163 2751 4258 coniugem
2798 4160 3170 4254 tribuere,
3225 4167 3573 4262 quamvis
3625 4171 4005 4272 Xanthips

601 4303 753 4376 pen
803 4277 1079 4348 marit'o
1118 4331 1139 4365 ,
1194 4281 1275 4349 in
1319 4305 1621 4363 ‚carcere
1666 4292 1842 4358 cum
1893 4298 2079 4357 esset
2122 4339 2143 4375 ,
2198 4282 2560 4355 ultimum
2618 4281 2886 4355 dixisse
2938 4283 3147 4376 vale,
3201 4301 3277 4359 et
3315 4294 3999 4392 tanquam-justam

600 4401 1000 4498 conjugem
1060 4423 1239 4471 cum
1304 4398 1559 4477 liberis
1608 4403 1975 4494 adfuisse,
2048 4431 2141 4479 ex
2203 4411 2642 4479 Pte-roms
2711 4404 3156 4480 Phaedone
3196 4424 3385 4483 esset
3432 4413 3990 4513 pervulgatum.

694 4529 955 4621 Neque
1019 4526 1159 4596 ista
1213 4523 1746 4596 Aristoxenum
1800 4529 2001 4600 inter
2063 4541 2140 4600 et
2200 4528 2533 4626 reliquos
2583 4528 3080 4630 discrepantia
3140 4531 3324 4605 alios
3385 4548 3563 4606 ante
3615 4562 3738 4609 me
3801 4539 4074 4649 effu-R⁰
4127 4592 4413 4656 Benna-'2‘

598 4647 751 4742 git,
804 4648 938 4740 qui
981 4643 1073 4716 de
1128 4645 1285 4717 tota
1325 4644 1467 4717 hac
1513 4648 1769 4736 caussa
1811 4643 2300 4740 dubitarunt,
2356 4654 2830 4727 Gnsnznuu
2885 4655 2990 4752 (6)
3041 4658 3519 4757 praesertim,
3558 4683 3977 4736 summum·
3996 4683 4064 4725 ec
4133 4671 4192 4729 I·
4258 4621 4372 4735 Ms

598 4789 789 4867 que,
843 4767 977 4862 qui
1023 4769 1355 4850 Gesnero
1398 4766 1639 4842 facem
1708 4770 2114 4871 praetulit,
2169 4779 2707 4850 Ricnannun
2754 4782 3262 4856 Brnrmzsuu
3325 4781 3487 4883 (7),
3553 4807 3711 4884 quo
3751 4811 3979 4862 nemo
4002 4746 4346 4899 §ZZZ-a

608 5021 615 5028 ,
674 4960 759 5039 (5)
798 4961 1002 5023 Μεηι.
1045 4956 1212 5024 Socr.
1253 4964 1385 5027 Lib.
1423 4967 1503 5030 II.
1542 4987 1680 5045 pag.
1730 4969 1867 5038 431.
1900 4931 1997 5037 ἑο.
2042 4972 2132 5031 ed.
2168 4974 2366 5049 steph.
2413 4974 2580 5053 (Cap.
2621 4995 2676 5036 a.
2706 4978 2801 5039 ed.
2829 4959 3086 5060 Ernest.)

676 5066 758 5142 (6)
798 5066 1041 5134 Dissert,
1078 5063 1163 5122 de
1208 5066 1464 5129 Socrate
1503 5087 1720 5133 sancto
1760 5074 2160 5137 Paederasta‘
2183 5061 2225 5151 ‚⁹
2252 5079 2347 5155 §§.
2389 5092 2487 5152 41.
2529 5092 2624 5153 42.

673 5169 757 5248 (7)
796 5170 856 5229 d.
892 5172 933 5230 Ι.
965 5189 1111 5250 page
1136 5180 1235 5246 74.
3377 5269 3388 5278 .

3427 5301 3494 5370 1')
3548 5325 3592 5370 2
3649 5284 4088 5376 xssssxlvl
