5038 5975
1397 478 1577 551 ns
1690 469 2395 549 ιιιῡΑΜιΑ
2510 467 3313 544 εοοιιιιιε.
3906 463 4046 565 317

660 685 777 760 fni
817 691 1070 754 autem
1111 621 1504 762 accidisse,
1558 668 1768 770 quod
1809 669 2160 770 pluribus
2198 669 2532 766 Legum
2555 666 2968 758 latoribus,
3024 682 3113 741 ut
3171 694 3306 742 sua
3372 668 3532 765 ipse
3599 666 3792 764 Lege
3849 667 4050 738 inter
4113 677 4464 744 sterion.

661 809 950 909 primos
999 809 1431 882 teneretur,
1483 794 1648 890 ejus
1689 796 1959 893 poenis
2003 805 2136 866 aut
2182 791 2558 866 severitati
2619 789 3040 880 obnoxius;
3095 814 3473 888 namque,
3529 789 3815 861 amissis
3873 785 4050 861 filiis
4193 765 4255 838 3·
4297 759 4397 825 ³⁴·

655 925 1013 1026 legitimis
1068 918 1329 995 Paralo
1378 930 1453 989 et
1500 915 1993 1016 Xanthippo,
2049 938 2243 1014 quos
2288 915 2519 1014 pestis
2573 909 2940 986 absumsit
2976 911 3162 1018 Belli
3190 913 3804 1012 Peloponnesiaci
3842 933 4050 984 anno

653 1047 1036 1137 secundo,
1088 1041 1408 1118 unicum
1455 1038 1938 1138 superstitem
1986 1034 2098 1110 illi
2138 1033 2369 1112 fuisse
2404 1033 2652 1109 filium
2671 1087 2699 1125 ,
2752 1040 2990 1137 patris
3039 1038 3355 1109 nomine
3391 1036 3817 1134 insignem,
3872 1057 4057 1112 eun·

658 1172 999 1272 demque
1056 1164 1413 1262 deinceps
1462 1163 1734 1260 iniquo
1798 1162 2099 1233 Civium
2165 1163 2486 1233 Decreto
2539 1183 2716 1232 cum
2773 1157 3087 1260 reliquis
3145 1158 3505 1248 ducibus,
3578 1157 3715 1258 qui
3771 1157 3866 1232 ad
3920 1159 4053 1230 Ar·

656 1297 964 1393 ginusas
1012 1296 1592 1390 pugnaverant,
1646 1279 2147 1370 damnatum,
2198 1284 2547 1381 genitum
2620 1306 2713 1355 ex
2770 1282 3069 1356 Periclis
3131 1259 3637 1356 contubermo
3701 1304 3877 1354 cum
3945 1304 4076 1352 ce·-

657 1411 1155 1488 lebratissima
1219 1407 1581 1506 Aspasia3
1646 1404 1774 1477 hic
1817 1407 2087 1510 itaque
2148 1405 2425 1502 junior
2463 1404 2782 1479 Pericles
2836 1430 3012 1479 cum
3077 1405 3434 1480 renovata
3488 1428 3532 1477 a
3569 1417 3797 1503 patre
3864 1405 4055 1500 Lege

656 1534 957 1613 Nothus
1005 1528 1457 1620 haberetur,
1509 1526 1919 1628 Populum·
1952 1525 2493 1603 Atheniensem
2534 1582 2555 1616 ,
2635 1540 2725 1601 ut
2783 1527 3050 1602 Pericli
3108 1525 3700 1627 gratificaretur,
3782 1527 4057 1623 Legem

659 1655 1125 1742 condidisse,
1180 1675 1378 1753 quae
1416 1652 1765 1724 universe
1799 1647 2110 1750 quidem
2150 1653 2431 1753 scripta
2467 1649 2895 1738 videretur,
2948 1653 3183 1728 unius
3237 1666 3491 1724 tamen
3523 1644 3824 1722 Periclis
3860 1671 4080 1719 caus·-

659 1804 821 1853 sam
878 1778 1206 1850 maxime
1257 1786 1673 1872 spectaret,
1724 1787 1815 1847 ut
1873 1773 1982 1849 fas
2032 1788 2268 1866 esset,
2319 1786 2557 1874 γαμεῖν
2580 1778 2700 1872 μὲν
2753 1774 2908 1867 ἆςὲν
2954 1777 3148 1874 μύων,
3196 1769 3694 1851 mahummet-om
3732 1767 3809 1848 δὲ
3850 1770 3960 1848 καὶ
3989 1766 4088 1860 ἔξ»

655 1900 870 2000 ἀνέρας
916 1900 1081 2000 (seu
1144 1922 1235 1972 ex
1281 1894 1572 1994 ἑταίρας.)
1625 1895 1840 1970 Illius
1890 1922 2073 1970 vero
2130 1897 2664 1994 Psephismatis
2721 1925 2898 1973 cum
2953 1926 3098 1976 nec
3157 1895 3637 1997 Thucydides
3704 1898 4070 1969 memine-

653 2028 806 2108 rit,
850 2022 1145 2120 ,horum
1210 2031 1646 2116 temporum
1691 2020 2018 2120 scriptor
2050 2072 2071 2110 ,
2152 2043 2298 2092 nec
2352 2018 2739 2095 Diodorus
2803 2022 3101 2097 Siculus
3137 2077 3160 2104 ,
3214 2045 3358 2094 nec
3410 2020 3818 2119 quisquam
3878 2033 4088 2090 vete·-

654 2160 832 2211 rum
878 2139 1449 2204 Historicorum·
1493 2141 2000 2211 Graecorum,
2054 2141 2394 2219 Probare
2434 2144 2741 2215 animus
2790 2159 2997 2234 erat,
3063 2141 3259 2217 illud
3313 2157 3568 2214 tamen
3616 2164 3874 2214 revera
3929 2165 4087 2214 ex·-

654 2258 929 2332 stitisse
980 2249 1265 2336 videri,
1324 2261 1555 2346 atque
1618 2269 1897 2319 novam
1957 2243 2157 2317 hanc
2217 2260 2294 2319 et
2352 2271 2395 2317 a
2445 2246 2711 2321 multis
2766 2264 3043 2323 merito
3087 2260 3527 2325 damnatam
3583 2262 3860 2351 Legem
3916 2283 4074 2331 sae·

655 2388 830 2481 pius
890 2369 1237 2473 Euripidi
1290 2368 1517 2444 fuisse
1571 2368 2086 2461 obversatam,
2153 2372 2272 2444 uti
2333 2383 2548 2471 patet
2615 2395 2707 2445 ex
2779 2370 3131 2472 pluribus
3229 2374 3698 2479 Fragmentis
3756 2380 4088 2478 Tragoe··

653 2502 951 2575 diarum
984 2551 1010 2587 ,
1086 2493 1415 2594 Phryxi,
1500 2496 1966 2593 Antigones,
2056 2496 2499 2593 praesertim
2593 2494 3178 2589 Andromedae,
3265 2509 3434 2572 tum
3518 2523 3620 2572 ex·
3691 2502 4005 2603 integris
4041 2559 4085 2594 ,.

653 2650 850 2726 quae
894 2620 1277 2717 hodieque
1334 2630 1789 2719 supersunt,
1843 2615 2327 2715 Tragoediis‚
2398 2643 2562 2690 non
2627 2633 2927 2694 tantum
2996 2643 3089 2693 ex
3154 2618 3787 2716 Andromache,
3857 2626 4086 2726 quod·

651 2746 973 2847 pulchre
1024 2746 1191 2844 jam·
1247 2741 1439 2816 vidit
1489 2747 2132 2831 nummulus,
2203 2739 2333 2814 sed
2387 2742 2716 2814 maxime
2781 2746 3012 2815 etiam
3080 2769 3171 2816 ex
3230 2742 3436 2817 Jone
3501 2758 3578 2819 et
3643 2746 4088 2847 Hippolyto:

648 2882 1091 2957 coronato,
1166 2891 1355 2967 quas
1418 2881 1569 2940 tres
1635 2864 1948 2940 Fabulas
2028 2862 2428 2963 Euripides
2486 2865 2637 2938 hoc
2698 2868 3184 2965 potissimum
3244 2869 3643 2968 proposito
3696 2872 3781 2942 in
3845 2874 4090 2945 scena:

647 2993 1078 3066 exhibuisse
1124 2991 1475 3083 videtur,
1518 3007 1611 3066 ut
1681 2991 2030 3079 doceret,
2099 2989 2403 3062 duram·
2446 2990 2806 3091 quidem,
2879 2993 3240 3090 injustam
3278 3048 3299 3083 ,
3373 2994 3672 3093 ipsique
3739 2998 4088 3072 Naturae*

648 3115 1033 3184 adversam
1102 3139 1259 3188 esse
1309 3117 1633 3213 Legem,
1693 3140 1890 3215 quae
1942 3111 2237 3188 Nothos
2303 3112 2400 3187 ab
2467 3115 2832 3192 omnibus
2900 3114 3386 3219 Reipublicae
3450 3114 4086 3219 familiarumque·
4197 3122 4201 3129 '

652 3229 1079 3304 honoribus
1131 3252 1218 3301 ac
1260 3234 1562 3322 juribus
1614 3253 1942 3327 arceret,
1986 3242 2141 3309 =nee
2198 3253 2606 3335 propterea
2654 3254 2911 3315 tamen
2976 3256 3108 3315 aut
3162 3238 3698 3342 pro'legitimo
3756 3265 4096 3317 censen-x

649 3352 835 3426 dum
889 3353 1093 3438 Viri,
1148 3352 1299 3450 qui·
1342 3373 1658 3423 uxorem
1696 3351 1855 3448 jam
1903 3357 2263 3443 haberet,
2318 3383 2497 3437 cum
2539 3362 2968 3439 concubina
2996 3364 3646 3455 contubernium,
3701 3380 3837 3441 aut
3873 3365 4092 3466 legi-·‘

650 3478 1012 3547 timarum
1072 3475 1523 3576 nuptiarum
1569 3475 1729 3572 jus,
1787 3470 2101 3545 inducta
2151 3472 2472 3572 pellice,
2526 3498 2682 3547 esse
2742 3478 3236 3567 violandum3
3306 3508 3400 3552 ex
3465 3486 3621 3577 qua
3692 3491 4088 3563 nimirum,

647 3598 1031 3697 duplicata
1082 3598 1437 3672 societate
1482 3596 1602 3672 vel
1662 3600 1971 3698 gemino
2023 3594 2536 3679 contubernio
2607 3596 2779 3672 odia
2833 3613 3326 3691 nascerentur
3361 3598 3816 3691 domestica,
3871 3606 4081 3679 mala,

642 3700 1107 3795 familiarum
1170 3722 1623 3812 innumera,
1682 3744 2186 3796 novercarum
2246 3742 2332 3793 ac
2389 3720 2811 3796 nothorum
2867 3721 3315 3812 aemulati0,
3371 3720 3695 3813 invidia,
3779 3723 4067 3798 calum-

640 3848 860 3935 niae,
920 3839 2036 3971 venefiono-‚Qque
2084 3847 2478 3919 occasione
2526 3844 2751 3938 data,
2824 3844 3068 3918 allatis
3120 3847 3205 3917 in
3260 3843 3600 3918 medium
3653 3847 4073 3946 exemplis,

644 3960 1157 4042 monuissem,
1225 3952 1589 4049 Euripidi
1646 3952 2090 4046 frequenter
2150 3974 2251 4037 in
2284 3995 2522 4041 more·
2555 3972 2895 4067 positum
2943 3966 3221 4058 fuisse,
3269 3982 3364 4041 ut
3409 3964 3507 4065 de
3549 3969 3875 4068 Legibus
3929 3987 4071 4045 aut·

644 4081 897 4166 factis,
950 4098 1145 4176 quae
1201 4085 1544 4146 recenter
1598 4069 1919 4144 Athenis
1964 4070 2452 4189 accidissent,
2507 4099 2699 4171 quin
2761 4092 2896 4149 uui
2903 4114 3106 4150 verna·
3152 4090 3248 4160 de
3296 4088 3763 4186 Republica,
3813 4093 4086 4193 qualis.

647 4220 821 4279 tum
863 4214 1067 4290 erat,
1104 4197 1250 4273 sub
1285 4218 1787 4295 personarum
1828 4198 2297 4272 scenicarum
2334 4196 2600 4286 larva,
2633 4201 3092 4273 sententiam
3134 4197 3457 4293 diceret,
3515 4200 3728 4283 huno
3761 4239 4068 4291 morem,

642 4323 1030 4425 AEschylo
1091 4324 1274 4395 item
1345 4346 1503 4392 non
1582 4318 1977 4394 insolitum
2038 4319 2304 4416 fuisse,
2385 4321 2516 4396 sed
2577 4321 2936 4422 Sophocli
2986 4324 3501 4417 rarissimum,
3559 4329 3782 4427 apud
3825 4357 4070 4431 quen».

643 4474 893 4526 unum
996 4460 1297 4521 tantum
1399 4445 1816 4516 alterumve
1899 4448 2062 4543 ejus
2132 4447 2569 4548 exemplum
2625 4448 3095 4547 reperiatur..
3181 4447 3393 4522 Istud
3446 4448 3689 4549 'porro
3759 4456 4083 4555 Psephi·-

644 4597 804 4647 sma
870 4584 1278 4668 postquam
1343 4567 1501 4641 vim
1569 4569 1782 4664 Legis
1859 4569 2330 4669 temporibus
2379 4568 2802 4643 Anarchiae
2869 4567 3304 4660 habuisset,
3376 4576 3807 4650 testimonia
3878 4605 4082 4681 pro.-

648 4694 1038 4783 tplissem,
1086 4688 1368 4788 quibus
1428 4704 1861 4788 appareret,
1920 4689 2152 4783 illud,
2208 4688 2436 4766 finito
2486 4692 2694 4766 Bello
2726 4692 3405 4793 Peloponnesiaco,
3459 4695 3686 4774 fuisse
3743 4701 4083 4803 abrogaw

648 4834 860 4906 tum,
913 4836 1001 4887 ac
1043 4817 1435 4913 rogatione
1495 4812 2105 4915 Aristophontis,
2158 4831 2333 4918 post
2386 4816 2761 4896 sublatam
2831 4819 3328 4914 Anarchiam,
3395 4825 3646 4926 prisca
3689 4823 4081 4926 legitima-.-
