5038 5975
994 480 1175 603 um
1762 482 2720 599 ·Lsscrxonsss
2799 499 3559 595 ΑττιοΑἙ

577 707 792 770 sacrm
835 696 919 764 11.
996 698 1208 787 licet,
1263 696 1467 771 alios
1516 697 1747 768 tanta
1800 693 2104 767 levitate
2155 710 2237 765 et
2263 698 2710 792 saccatione
2733 748 2758 782 ,
2832 713 2917 768 ut
2976 696 3096 771 his
3129 698 3392 795 fuerit
3446 724 3610 773 non
3663 698 4016 778 'didicisse
4071 711 4386 802 melta-53

672 782 834 860 §.1

556 1461 967 1544 'Philosopho-

938 823 1197 897 ‚altos
1234 826 1616 924 pecuniae
1667 819 1978 919 cupidos
2004 871 2030 906 ,
2079 817 2385 921 gloriae
2440 818 2893 913 nonnullae,
2950 822 3235 899 multos
3281 822 3692 905 libidinum
3729 852 4028 919 servos,
4082 849 4174 905 ut
4214 859 4389 907 cum

996 970 1267 1020 eorum
1322 944 1497 1016 vita
1548 940 2009 1015 mirabiliter
2044 958 2346 1042 pugnet
2394 947 2679 1016 oratio.
2723 986 2838 1007 --
2912 950 3173 1044 Neque
3233 947 3381 1019 hoc
3441 949 3674 1024 solius
3732 951 3957 1024 Tullii
4014 954 4385 1051 judicium

996 1085 1156 1143 est:
1230 1074 1568 1142 Fuerunt
1612 1069 1813 1138 inter
1876 1068 2239 1154 Graecos,
2295 1068 2427 1164 qui
2476 1066 2985 1165 pulcherrima
3045 1070 3544 1170 Philosophos
3599 1074 3957 1148 disserere
3994 1131 4013 1166 ,
4069 1083 4389 1183 pessima

995 1190 1236 1265 facere
1256 1247 1276 1283 ,
1331 1189 1969 1292 prudentiamque
2014 1188 2218 1260 illam
2260 1204 2335 1260 et
2368 1190 2948 1289 intelligentiam
2974 1246 2993 1281 ,
3026 1218 3257 1291 quam
3285 1194 3763 1271 sermonibus
3790 1214 3866 1270 et
3892 1175 4194 1299 scriptis
4211 1226 4389 1301 prae

996 1340 1075 1391 se
1109 1315 1452 1389 ferebant
1475 1370 1494 1405 ,
1549 1316 1887 1413 ipsorum
1924 1310 2298 1384 factorum
2338 1316 2796 1413 experienti!
2835 1310 3170 1390 refellere
3211 1344 3336 1393 eos
3375 1344 3459 1391 ac
3499 1320 3891 1397 confutare
3938 1320 4382 1397 faterentur.

1101 1443 1363 1537 Neque
1424 1454 1734 1527 tamen,
1803 1438 1863 1509 si
1930 1434 2113 1507 haec
2170 1449 2315 1507 aut·
2362 1434 2638 1511 similia
2702 1439 2796 1513 de
2849 1439 3324 1542 Philosophis
3375 1443 3626 1541 palam
3685 1442 3826 1517 aut
3874 1444 4163 1519 Tullius
4212 1472 4389 1519 con-

557 1562 700 1605 ’Μ’
761 1545 929 1603 meza
1003 1548 1314 1662 questus
1370 1572 1519 1653 est,
1574 1575 1707 1632 aut
1745 1562 2148 1658 quisquam
2188 1558 2417 1651 alius,
2470 1568 2872 1664 propterea
2927 1590 3070 1664 pro
3127 1564 3656 1666 Philosophiae
3691 1564 4012 1643 inimico
4047 1568 4169 1641 vel
4215 1594 4393 1641 con-

554 1647 685 1685 mu
733 1623 929 1704 Ipsius

554 1720 704 1766 sune
741 1702 968 1765 Philo
1002 1700 1323 1759 temtore
1383 1684 1795 1759 habeatur:
1870 1686 2023 1757 Nec
2078 1707 2311 1772 vere,
2364 1687 2426 1758 si
2484 1685 2675 1784 quid
2728 1688 3203 1789 Philosophis
3260 1687 3816 1788 exprobratur,
3881 1688 4072 1763 illud
4118 1707 4249 1763 aut
4305 1694 4388 1763 in

546 1784 834 1867 sophiae

1000 1809 1368 1883 damnum
1422 1806 1947 1923 Philosophiae
1999 1809 2660 1907 interpretandum
2713 1826 2866 1901 est,
2922 1826 3053 1883 aut
3103 1826 3507 1911 propterea
3550 1812 4150 1887 succensendum
4199 1812 4386 1903 illis,

978 1935 1133 2034 qui
1199 1914 1579 2007 dedecora
1596 1955 1783 2007 :nnn
1842 1931 2123 2028 ipsius
2138 1933 2323 2009 artis
2376 1928 2785 2031 Qut,
2861 1933 3000 2009 sod
3053 1937 3646 2032 magistrorum,
3715 1938 3872 2032 qui
3904 1950 4140 2014 artem
4197 1939 4393 2009 vitae

995 2054 1502 2158 profitentur·
1557 2057 1710 2127 Nec
1752 2050 2079 2150 denique
2138 2078 2229 2125 ex
2286 2054 2447 2152 ipsa
2500 2055 2989 2154 Philosophia
3035 2072 3573 2154 argumentum
3627 2054 4180 2129 desumendum
4230 2074 4385 2144 est,

997 2204 1158 2279 quo
1221 2176 1645 2253 istiusmodi
1708 2176 1889 2247 vitia
1958 2199 2320 2272 negemus
2351 2228 2371 2263 ,
2454 2179 2668 2274 quasi
2729 2180 2864 2277 qui
2926 2193 3164 2250 artem
3219 2180 3415 2252 vitae
3470 2176 3924 2297 profiteatur
3954 2233 3976 2269 ,
4051 2178 4249 2251 idem
4305 2183 4385 2251 in

996 2303 1144 2379 vila
1198 2301 1345 2375 labi
1386 2316 1518 2381 aut
1560 2298 2005 2405 delinquere
2053 2321 2210 2377 non
2268 2300 2530 2397 possit.
2637 2302 2847 2393 Quae
2895 2302 2960 2377 si
3002 2298 3182 2385 falsa
3232 2303 3792 2403 argumentatio
3839 2302 3995 2398 Jam
4051 2300 4235 2373 olim
4288 2305 4394 2374 sie

970 2428 1333 2525 :quaesita
1384 2440 1640 2532 tamen
1694 2446 1780 2497 ac
1825 2423 2215 2523 proposita
2263 2418 2453 2527 suit,
2504 2435 2596 2493 ut
2637 2421 2844 2497 illam
2889 2422 3155 2499 eodem
3207 2423 3375 2499 loco
3426 2426 3686 2501 Cicero
3739 2421 4170 2522 redarguat,
4232 2450 4391 2497 non

970 2566 1109 2622 -est
1163 2548 1371 2648 quod
1424 2551 1845 2635 miremur,
1900 2546 2215 2643 reperiri
2265 2560 2340 2617 et
2401 2541 2666 2633 hodie,
2725 2544 2859 2642 qui
2893 2544 3072 2615 viro
3120 2544 3458 2641 ingenue
3507 2543 3754 2616 dicam
3799 2544 4167 2635 scribant,
4215 2572 4394 2647 gra·

995 2678 1270 2772 visque
1323 2675 1602 2744 erroris
1665 2668 1968 2772 eulpam
2040 2668 2524 2767 impingant,
2595 2668 2661 2739 si
2719 2668 2782 2739 is
2833 2668 3030 2740 ausit
3087 2680 3433 2739 veterum
3496 2666 4136 2768 Philosophorum
4197 2671 4395 2743 inter

990 2822 1073 2871 se
1134 2794 1629 2868 invidentiam
1662 2847 1684 2884 ,
1761 2793 2001 2885 rixas,
2079 2805 2307 2890 atque
2370 2816 2460 2863 ex
2528 2792 2709 2873 rixis
2768 2805 2970 2863 ortas
3035 2788 3455 2871 calumnias
3532 2806 3607 2869 et
3663 2790 4056 2864 mendacia
4108 2816 4397 2865 memo-

978 2945 1187 2994 ⁴rare.
1240 2959 1343 2977 --
1417 2917 1561 2992 Sed
1611 2920 1891 2991 erroris
1954 2916 2172 2987 istam
2231 2940 2317 2987 ac
2382 2937 2656 3020 pravae
2736 2910 3130 3013 futilisque
3195 2916 3614 2987 sententiae
3670 2917 4223 2992 accusationem
4275 2938 4392 2986 res
4499 2936 4506 2941 ·

996 3023 1158 3144 ipsa
1194 3044 1546 3148 deinceps
1596 3044 1975 3113 revincat·
2028 3045 2141 3111 De
2197 3041 2566 3112 Gamo
2588 3063 2802 3116 nunc
2851 3053 3151 3116 tantum
3207 3062 3546 3136 agamus,
3599 3039 3735 3140 qui
3751 3061 3945 3108 cum
3988 3058 4388 3109 memoras-

996 3180 1111 3246 set
1151 3165 1253 3264 (5)
1287 3163 1379 3235 de
1412 3160 1950 3264 Xenophontis
1991 3159 2474 3296 Platonisque
2517 3159 2666 3235 vita
2720 3175 2796 3232 et
2852 3159 3193 3238 moribus
3237 3184 3283 3230 a
3326 3157 3722 3238 Veteribus
3767 3160 4044 3266 scripta
4073 3212 4094 3248 ,
4141 3160 4388 3232 ‘non

993 3285 1419 3378 „abfuisse
1473 3273 1753 3366 s'cilicet
1795 3283 1889 3355 ab
1933 3285 2027 3354 iis'
2073 3296 2343 3414 motus
2358 3275 2755 3423 quosdam
2809 3284 3073 3356 tacitos
3123 3297 3200 3360 et
3249 3280 3586 3364 occultos
3626 3271 4042 3386 simultatis
4074 3279 4393 3356 aemula-

994 3463 1049 3501 „
1106 3409 1486 3510 tionisque
1542 3411 1854 3482 mutuae
1880 3405 1951 3498 ,⁹⁹
2001 3385 2343 3512 ejusque
2369 3401 2475 3479 rei
2540 3409 3012 3516 argumenta
3063 3408 3631 3510 conjectator-ia
3686 3405 3844 3503 (uti
3908 3375 4190 3530 vocat)
4215 3430 4387 3510 pro·

988 3529 1319 3619 tulisset,
1371 3543 1545 3638 post
1584 3529 1809 3632 plura
1862 3532 1968 3604 sic
2018 3529 2321 3603 tandem
2380 3530 2821 3604 concludit.
2882 3527 3048 3604 Sed
3099 3533 3311 3601 enim
3356 3527 3482 3608 de
3505 3531 3698 3604 viris
3750 3521 4053 3631 optimis
4099 3543 4182 3599 et
4208 3551 4393 3630 gra-

986 3656 1300 3726 vissimis
1356 3657 1423 3725 si
1476 3653 1945 3726 credendum
1991 3652 2143 3726 hoc
2193 3670 2336 3727 aut
2381 3653 2932 3758 suspicandum
2957 3653 3179 3754 fuit,
3235 3676 3600 3730 caussam
3648 3645 4004 3751 equidem
4047 3674 4208 3722 esse
4250 3676 4390 3722 ar-

986 3773 1238 3850 Intror-
1304 3803 1469 3851 non
1536 3775 2165 3868 obtrectationis,
2234 3804 2378 3852 nec
2438 3779 2819 3866 invidiae,
2894 3793 3146 3874 neque
3203 3775 3304 3844 de
3354 3773 3614 3876 glot-id
3669 3777 3972 3868 majore
4008 3769 4390 3871 paranda

988 3906 1501 3975 certationis:
1568 3903 1795 3976 Haec
1860 3909 2070 3975 enim
2096 3897 2394 4012 procul
2456 3926 2512 3969 a
2569 3895 2911 3974 mot-thus
2965 3873 3572 3998 Philo'sophiae
3589 3889 3926 3986 absunt,
3980 3895 4063 3961 in
4118 3891 4397 3996 quibus

986 4015 1102 4094 illi
1148 4001 1300 4096 duo
1357 4027 1703 4096 omnium
1729 4023 2030 4120 judicio
2068 4021 2627 4098 excelluerunt.
2740 4017 2967 4120 Quae
3019 4020 3260 4124 igitur
3299 4031 3419 4089 est
3452 4015 3836 4116 opinionis
3874 4017 4090 4089 istim
4138 4022 4371 4093 rati0.
4363 4017 4398 4068 ⁹

988 4139 1219 4218 Haec
1269 4143 1618 4244 profecto
1674 4162 1824 4218 est:
1874 4148 2448 4250 Ae'quiparatio
2503 4148 2671 4249 ipsa
2704 4143 3163 4249 plerumque
3219 4158 3303 4218 et
3327 4139 3689 4241 parilitas
3742 4141 4128 4214 virtutum
4197 4145 4400 4211 inter

989 4291 1071 4344 se
1129 4264 1643 4338 consimilium
1670 4320 1695 4354 ,
1777 4273 2082 4342 etiamsi
2141 4274 2658 4345 contentionis
2729 4268 3072 4340 studium
3135 4284 3218 4340 et
3267 4264 3645 4339 voluntas
3718 4257 3987 4351 abest,
4066 4265 4386 4361 speciem

992 4407 1261 4461 tamen
1316 4388 1861 4462 aemulationis
1918 4411 2152 4463 creat.
2206 4436 2325 4486 -—·
2353 4399 2471 4471 Sic
2504 4398 2585 4472 in
2645 4393 2801 4494 ipsa
2834 4391 3308 4466 Athenarum
3371 4387 3601 4478 urbe,
3686 4402 3803 4460 tot
3859 4399 4385 4477 tantarumque

994 4515 1196 4584 inter
1286 4513 1783 4615 Philosophos
1874 4511 2668 4619 Philosophorumque
2756 4514 3060 4589 Scholas
3140 4512 3684 4589 discordiarum
3772 4521 3953 4582 teste
3983 4556 4004 4590 ,
4098 4503 4387 4575 otiosus

993 4652 1297 4711 noctem
1339 4636 1795 4736 disputando
1838 4640 1944 4738 (5)
2000 4644 2439 4741 transegerit
2484 4642 2813 4733 Gellius,
2867 4642 2983 4714 sui
3027 4641 3263 4740 ipsius
3315 4637 3633 4726 oblitus,
3689 4632 3821 4730 qui
3867 4623 4131 4700 iisdem
4165 4627 4388 4697 Com-

1076 4961 1162 5038 (l.)
1202 4961 1387 5021 Noce.
1432 4955 1579 5019 Ἁιι.
1608 4961 1738 5020 Lib.
1774 4964 1937 5026 xlv,
1978 4965 2121 5041 Cap.
2173 4962 2228 5021 3.

1070 5064 1156 5141 (5)
1196 5067 1412 5124 Eadem
1445 5068 1746 5126 nobiseum
1788 5069 1861 5128 de
1897 5070 2009 5128 hac
2040 5070 2212 5128 Gellii
2246 5069 2616 5128 excusatione
2656 5071 2829 5129 sentit
2869 5073 2956 5129 cl.
2997 5070 3412 5128 Hiunnsunc
3461 5057 3824 5124 Animadv.
3868 5059 3940 5117 in
3987 5056 4144 5115 Xan.
4183 5050 4383 5108 Mem.

1264 5168 1434 5232 soor.
1464 5173 1593 5236 Lib.
1622 5177 1734 5237 111.
1768 5179 1912 5257 Cap.
1948 5176 2005 5236 6.
2031 5194 2167 5257 pag
2202 5176 2336 5251 137·
2419 5194 2447 5228 α
2486 5174 2640 5238 nihi
2681 5173 2923 5256 (inquit)
2965 5174 3283 5236 simultates
3325 5170 3468 5232 istae
3494 5208 3515 5241 ‚
3554 5185 3676 5228 non
3719 5178 3841 5225 tam
3878 5180 3914 5222 a
3942 5159 4236 5241 parilitate
4267 5155 4391 5213 vir·

4118 5303 4159 5338 „
4199 5272 4392 5320 mtun
