5038 5975
1015 543 1119 625 h
1844 513 2753 607 LEcrloNEs
2878 530 3592 611 srrlcsn

625 746 851 823 steno
903 743 959 809 1.
1026 752 1186 817 erat
1217 794 1239 832 ,
1294 754 1453 813 non
1508 732 1919 829 antiquum
1975 728 2191 801 illum
2234 728 2482 805 Nm
2523 728 3019 818 existimaret,
3073 752 3340 802 verum
3388 728 3776 826 juniorem
3845 727 4170 830 aliquem
4225 738 4422 835 prio:

716 827 778 908 ς·
819 826 885 917 5'-
1028 869 1287 964 risque
1353 870 1714 958 nepotem
1747 910 1769 946 ‚
1849 878 2123 953 pamm
2198 855 2525 927 memori
2597 849 3133 947 difficultatum
3183 907 3203 942 ‚
3285 852 3565 950 quibus
3631 867 3707 925 et
3785 856 3925 927 ista
3992 861 4366 931 sententia
4397 913 4422 949 ,

1026 988 1261 1084 magis
1308 984 1535 1059 etiam
1603 1004 1835 1079 quam
1896 976 2129 1048 altera
2162 1031 2184 1065 ,
2248 1002 2479 1075 quam
2537 972 2982 1074 repudiabat
3010 1032 3032 1063 ,
3099 979 3495 1076 perspicue
3549 976 4090 1076 implicaretur.
4160 1020 4264 1038 --
4310 981 4428 1054 Id-

1023 1113 1272 1199 circo,
1325 1109 1389 1181 εἰ
1441 1130 1533 1177 ex
1597 1117 1712 1176 tot
1766 1101 2218 1175 testimoniis
2271 1115 2498 1198 atque
2563 1098 3140 1185 auctoritatibus
3189 1102 3390 1173 inter
3444 1126 3525 1173 se
3561 1101 4081 1201 pugnantibus
4129 1128 4214 1175 ac
4258 1130 4435 1177 cone

1024 1234 1273 1307 trariis
1303 1285 1326 1321 ‚
1383 1224 1782 1301 nonnullis
1836 1226 2063 1296 etiam
2120 1236 2375 1322 aperte
2422 1224 2791 1295 contortis
2823 1274 2846 1312 ,
2900 1219 3139 1313 salsis,
3191 1237 3266 1299 et
3308 1221 3840 1313 mendacibus,
3895 1224 4428 1317 conficiamus,

1020 1351 1626 1451 discrepantibus
1691 1352 1894 1420 inter
1949 1371 2025 1418 se
2088 1361 2166 1417 et
2218 1348 2599 1418 contraria
2656 1344 3268 1419 adseverantibus
3323 1346 3637 1420 testibus
3693 1370 3854 1419 non
3910 1347 4371 1423 credendum
4404 1401 4426 1441 2

1032 1475 1231 1553 nihil
1296 1473 1520 1551 nobis
1565 1467 1979 1545 vindicasse
2040 1466 2471 1543 videbimur
2501 1524 2524 1560 ,
2579 1467 2788 1568 quod
2842 1469 3006 1542 sine
3050 1470 3328 1567 injuria
3380 1470 3620 1569 possit
3670 1471 3954 1568 negari.
4079 1516 4090 1528 -

730 1658 787 1737 §-
837 1659 895 1721 s.

608 1761 1013 1825 Testimonia
1278 1736 1350 1841 ς’.
1405 1743 1536 1818 VI.
1612 1735 2125 1815 adseverando
2208 1738 2559 1812 Testium
2587 1758 2622 1829 ,·
2693 1741 3404 1841 Peripateticorum
3472 1744 3818 1840 inprimis
3842 1796 3869 1830 ,
3949 1746 4200 1817 var-iis

608 1839 1017 2001 giffr‘jf'ssffi·
1384 1960 1391 1969 β
1417 1879 1826 1965 praeterea
1860 1867 2373 1964 argumentis,
2425 1863 2748 1936 aliunde
2768 1869 3064 1965 petitis,
3117 1863 3574 1966 infirmatur
3597 1881 3680 1937 et
3714 1863 4048 1940 eliditur.

612 2012 894 2062 mansur.

1134 2152 1539 2248 Postquam
1589 2141 1798 2242 quod
1849 2139 2243 2215 dissidium
2277 2196 2298 2231 ‚
2353 2166 2550 2241 quae
2592 2145 2691 2217 sit
2743 2169 3001 2246 pugna
3056 2148 3259 2219 inter
3315 2160 3538 2221 testes
3605 2147 3698 2221 de
3751 2142 4029 2248 διγαμίᾳ
4076 2152 4432 2239 Socratis,

1033 2271 1381 2375 pluribus
1442 2282 1518 2339 et
1572 2272 1743 2366 pro'
1779 2268 1888 2338 rei
1948 2262 2313 2363 dignitate
2369 2267 2839 2342 ostendimus
2871 2324 2892 2361 ,
2972 2272 3416 2369 proximum
3464 2285 3575 2344 est
3603 2326 3625 2362 ‚
3691 2256 3786 2345 'ut
3846 2271 4232 2347 videamus
4263 2328 4285 2361 ‚
4340 2298 4436 2344 an

1026 2392 1602 2497 praecedentia,
1657 2386 2060 2486 adjuncta,
2132 2402 2208 2461 et
2270 2393 2821 2490 consequentia
2893 2390 3265 2491 ejusmodi
3327 2396 3483 2466 sint
3513 2448 3536 2484 ,
3607 2409 3696 2466 ut
3748 2392 4124 2495 probabili
4198 2395 4445 2494 aliqui
4549 2380 4552 2385 ’

1029 2543 1203 2592 reus
1238 2514 1671 2613 conjectura
1721 2520 2129 2599 oneretur,
2186 2535 2285 2581 an
2344 2536 2528 2584 vero
2577 2514 2798 2604 talia,
2851 2528 2984 2604 ut,
3040 2518 3506 2613 argumentis
3543 2542 3632 2588 ex
3676 2518 4009 2614 scriptis,
4061 2516 4442 2608 moribus,
4489 2584 4506 2601 .

1026 2642 1327 2738 vitaque
1386 2637 1590 2709 illius
1646 2634 1903 2735 petitis
1934 2687 1956 2723 ‚
2029 2633 2320 2706 crimen
2378 2648 2512 2707 aut
2569 2635 2917 2708 elevetur
2979 2649 3112 2706 aut
3176 2639 3403 2709 etiam
3453 2633 3871 2709 refellatur.
3972 2638 4197 2729 Quod
4261 2638 4444 2709 dum

1028 2765 1319 2861 agimus
1350 2814 1370 2850 ,
1425 2762 1577 2833 una
1625 2760 1847 2857 opera
1893 2755 2335 2855 Euripidem
2383 2780 2425 2828 a
2475 2759 2829 2830 societate
2904 2755 3395 2831 liberabimus
3448 2758 3782 2855 ejusdem
3846 2756 4116 2857 flagitii
4181 2784 4266 2831 ac
4323 2759 4444 2832 de-

1036 2884 1327 2963 decoris
1359 2936 1382 2972 ‚
1456 2883 1540 2952 in
1598 2906 1831 2982 quam
1897 2904 2172 2979 parum
2228 2876 2385 2950 fida
2437 2878 2660 2951 Gellii
2723 2881 3092 2951 memoria
3156 2880 3653 2953 castissimum
3720 2883 4109 2975 Tragicum
4169 2896 4446 2978 pertra-

1042 3010 1233 3080 xisse
1289 3004 1615 3078 videtur.
1719 3009 1814 3079 Et
1849 3028 2026 3079 sane
2053 3058 2073 3093 ‚
2129 3000 2224 3075 ad
2264 3003 2708 3075 Ciceronem
2755 3001 2962 3074 haud
3009 3004 3281 3101 injuris
3311 3004 3691 3101 scripserit
3726 3000 3899 3072 licet
3945 3005 4484 3085 Connmus.

1036 3134 1364 3218 Nanos,
1435 3125 1807 3198 referente
1869 3128 2382 3194 Lacranrlo
2432 3122 2583 3220 (1),
2652 3148 3033 3224 magnam
3072 3139 3386 3222 partem
3439 3147 3710 3193 eorum
3735 3176 3763 3211 ,
3835 3126 3971 3220 qui
4039 3127 4124 3192 in
4171 3122 4446 3195 schola

1039 3250 1140 3322 cle
1195 3246 1497 3348 pudore
1557 3262 1639 3318 et
1695 3243 2179 3318 continentia
2213 3247 2713 3344 praecipiant
2760 3247 3287 3344 argutissime,
3361 3244 3671 3316 eosdem
3728 3248 3810 3313 in
3859 3249 4213 3316 omnium
4276 3244 4450 3316 libi-

1042 3373 1320 3443 dinum
1364 3364 1907 3466 cupiditatibus
1977 3369 2276 3453 vivere,
2335 3380 2589 3439 tamen
2655 3364 2846 3437 mihi
2892 3368 3545 3466 persuasissimum
3609 3378 3721 3438 est
3753 3418 3774 3454 ‚
3828 3364 3909 3437 id
3980 3390 4121 3439 nec
4165 3364 4258 3440 de
4320 3373 4450 3441 So·

1044 3505 1244 3565 crate
1268 3544 1289 3581 ‚
1345 3515 1485 3563 nec
1539 3490 1632 3563 de
1687 3487 2094 3589 Euripide,
2150 3491 2231 3561 in
2273 3493 2489 3565 scena
2548 3487 3010 3590 Philosopho
3035 3544 3058 3580 ‚
3104 3490 3275 3588 jure
3332 3486 3479 3560 dici
3543 3489 3904 3588 potuisse.

1966 3693 2182 3793 Σοφὶκ
2226 3697 2562 3793 Σοφοκλῆς
2579 3745 2606 3786 ,
2647 3692 3006 3792 coepi-repo.-
3052 3691 3447 3788 δἘὖΡΜίῶκ
3464 3739 3492 3781 2

1965 3821 2221 3920 ’Arm
2267 3821 2343 3897 δὲ
2389 3818 2642 3892 πάν-τω
2687 3811 3018 3908 Σωκράτης
3059 3810 3443 3908 warne
3459 3837 3478 3856 ·

1058 4008 1282 4096 Quod
1324 4033 1456 4079 seu
1502 4031 1673 4075 vere
1738 4006 2004 4076 datum
2058 4003 2151 4074 ab
2200 4002 2553 4102 Apolline
2598 4000 2828 4077 fuerit
2881 4004 3318 4096 oraculum,
3368 4031 3504 4078 seu
3552 4005 3647 4079 ab
3692 4011 3947 4082 amicis
3991 4012 4311 4083 Socratis
4346 4011 4450 4108 (a)

629 4133 903 4234 Socratfs
926 4152 997 4234 ρι
1062 4151 1152 4197 ac
1220 4125 1603 4224 discipulis
1657 4125 2120 4213 confictum,
2172 4123 2493 4197 dubium
2545 4139 2798 4198 tamen
2839 4129 3134 4201 nemini
3180 4142 3292 4201 est
3322 4183 3343 4218 ‚
3398 4131 3532 4226 qui
3588 4131 3857 4229 iniquo
3903 4137 4229 4206 Socratis
4275 4133 4454 4206 odio

628 4212 970 4374 ζαῖᾜέἔῖ
1065 4272 1225 4319 non
1292 4243 1658 4334 ducatur,
1710 4249 1903 4343 quin
1964 4247 2373 4344 sapientiae
2445 4246 2640 4323 fama
2718 4275 2851 4322 seu
2907 4266 3065 4322 arte
3119 4253 3313 4323 vitae
3375 4267 3575 4324 recte
3632 4253 3957 4351 agendae
4012 4259 4216 4329 inter
4262 4258 4456 4324 cives

1063 4394 1239 4444 suos
1293 4382 1370 4440 et
1424 4393 1562 4467 per
1613 4370 2043 4440 universam
2100 4374 2489 4444 Graeciam
2555 4370 2785 4445 fuerit
2838 4371 3283 4450 celebratus.
3389 4375 3828 4474 Euripidem
3875 4390 4169 4460 autem,
4243 4374 4458 4469 cujus

1060 4507 1176 4566 tot
1254 4492 1689 4564 testimonia
1763 4492 2022 4564 Cicero
2096 4493 2549 4568 numerabat
2609 4510 2805 4596 quot
2875 4521 3133 4570 versus
3165 4551 3188 4587 ‚
3266 4499 3440 4597 quis
3516 4499 3723 4592 σοφὸν
3795 4494 4169 4588 negaverit
4201 4546 4223 4583 ,
4301 4496 4455 4572 sive

1054 4621 1168 4686 ita
1228 4623 1663 4698 moratum,
1717 4616 1831 4684 ita
1882 4618 2155 4687 animo
2209 4632 2294 4686 et
2329 4616 2504 4688 vitei
2559 4622 3117 4707 constitutum,
3190 4637 3283 4692 ut
3339 4619 3694 4720 ratio-(3)
3745 4609 4152 4711 postulat.-
4223 4619 4457 4714 Cujus

1050 4741 1113 4814 si
1177 4738 1350 4837 quis
1406 4737 1844 4836 superstites
1913 4740 2336 4811 etiamnum
2396 4740 2836 4839 Tragoedias
2884 4739 3143 4841 legerit
3176 4797 3196 4834 ,
3253 4757 3612 4838 tanquam
3670 4731 3913 4824 illius,
3984 4741 4120 4837 qui
4162 4742 4245 4808 in
4307 4745 4396 4810 iis
4409 4790 4449 4832 Ι

1138 4951 1224 5027 (ι)
1267 4945 1422 5008 Div.
1463 4945 1625 5007 Inst.
1651 4949 1782 5011 Lib.
1818 4953 1927 5013 111.
1962 4953 2104 5027 Cap.
2142 4950 2233 5015 15.
2272 4957 2333 5031 S.
2375 4972 2468 5017 ιο.

1147 5053 1234 5130 (a)
1274 5053 1412 5113 vid.
1470 5054 1783 5113 Burnum
1831 5054 2003 5115 Hisc.
2052 5053 2298 5113 Plu'los.
2329 5061 2517 5115 Temo
2568 5060 2617 5119 1.
2662 5076 2798 5138 pag.
2854 5059 2988 5129 534.

1158 5158 1250 5236 (3)
1289 5158 1420 5220 cic.
1461 5158 1645 5220 Tusc-
1682 5158 1953 5244 Quaen.
2000 5163 2134 5223 Lib.
2167 5162 2247 5219 11.
2285 5163 2429 5240 Cap.
2462 5169 2515 5231 4.
2593 5239 2598 5244 .
