5038 5975
691 475 800 555 Et
840 469 1172 573 iustitiae
1218 464 1496 569 qvidem
1557 458 1652 541 αὖ
1706 456 1989 537 ineunte
2033 470 2272 535 aetate
2331 448 2446 533 ita
2498 450 2844 533 studio-uu
2874 449 3030 554 fut'i
3051 507 3074 547 ,
3114 475 3408 560 eamque
3453 472 3732 558 sempe?
3788 460 3983 539 Mn.
4063 502 4077 511 .

580 643 731 725 ceps
808 632 921 703 ita
996 624 1249 710 coluit,
1301 640 1382 696 ut
1431 619 1659 692 vitam
1709 637 1842 688 non
1880 628 2163 686 tantum
2233 609 2379 705 ipse
2418 630 2624 682 suam
2671 610 2775 681 ad
2825 611 2979 706 esus
3030 625 3423 709 praecepta
3483 616 3809 714 exigeret
3882 634 3975 689 ao

580 780 925 853 neminem
966 774 1152 848 ultro
1207 771 1558 854 laederet,
1609 766 1734 838 sed
1762 765 1981 837 etiam
2025 777 2111 834 ut
2158 762 2250 834 ab
2297 759 2467 834 aliis
2515 759 2871 854 insurias,
2926 780 3272 858 quantum
3308 764 3385 837 in
3426 786 3498 836 se
3549 782 3723 840 esset
3741 818 3765 855 ,
3805 780 3983 862 pro.

574 929 899 1024 pulsaret
920 979 944 1014 ‚
989 944 1233 1018 eosque
1262 921 1388 1014 qui
1442 915 1708 1010 injuste
1749 928 2086 1011 agerent,
2135 912 2252 986 vel
2293 913 2513 986 libere
2571 914 3017 1006 admoneret,
3067 914 3218 1003 vei,
3273 914 3339 987 si
3376 914 3812 989 insanabiles
3839 917 3970 1011 ju·

575 1081 918 1163 dicasset,
967 1071 1393 1173 reprimeret
1416 1120 1442 1156 ,
1516 1058 1751 1162 quoad
1786 1079 2041 1160 posset.
2147 1060 2288 1135 His
2348 1064 2579 1161 igitur
2616 1083 2831 1158 quum
2888 1086 3012 1137 nec
3055 1065 3131 1137 in
3174 1065 3645 1154 sermonibus,
3700 1087 3825 1139 nec
3891 1066 3976 1141 itt

578 1227 865 1322 scriptis
920 1224 1066 1297 suis
1090 1216 1478 1331 parceret,
1529 1217 1655 1291 sed
1703 1214 2175 1290 vehementius
2244 1228 2451 1310 saepe
2505 1232 2725 1321 atque
2780 1216 3102 1309 asperius
3169 1215 3246 1288 in
3303 1239 3411 1289 eos
3443 1280 3446 1283 .
3476 1213 3972 1307 inveheretur,

572 1380 749 1474 quid
786 1378 1148 1449 miramur
1202 1373 1587 1445 multorum
1634 1369 1713 1441 in
1754 1389 1911 1439 eum
1963 1364 2125 1438 odia
2168 1366 2519 1437 exstitisse
2540 1364 2580 1437 ἓ
2647 1366 2803 1463 Ego
2841 1386 3004 1439 vero
3051 1365 3187 1438 etsi
3244 1362 3537 1439 acerbas
3610 1364 3790 1439 istas
3858 1382 3978 1440 ca-

569 1528 985 1624 stigationes
1031 1541 1248 1616 atque
1294 1520 1817 1612 objurgationes
1861 1539 1996 1588 non
2050 1537 2279 1586 omnes
2299 1528 2601 1608 prorsus
2636 1516 2950 1609 probare
2986 1528 3269 1608 possum
3295 1566 3317 1602 ‚
3355 1508 3625 1608 sontem
3683 1531 3973 1606 tamen,

565 1679 749 1752 unde
824 1675 999 1749 illae
1067 1669 1466 1743 manabant
1490 1718 1518 1757 ,
1581 1663 1923 1759 justitiae
1970 1662 2280 1734 studium
2301 1712 2331 1751 ‚
2405 1677 2827 1757 magnopere
2880 1663 3316 1737 laudandum
3381 1665 3574 1740 duco.
3699 1665 3974 1768 Quodsi

564 1843 731 1898 vere
772 1821 987 1920 fidem
1030 1822 1519 1910 incorruptam
1553 1813 1894 1908 justitiae
1948 1830 2776 1884 sororem-110RA‘r1Us
2841 1812 3159 1899 vocavit,
3212 1814 3477 1885 mirum
3522 1837 3657 1887 non
3694 1831 3797 1889 est
3821 1868 3845 1905 ‚
3903 1816 3974 1892 si

566 1972 704 2048 bac
742 1993 965 2066 aeque
1016 1967 1434 2044 excelluerit
1465 1990 1490 2036 .·
1545 1964 1712 2035 er'at
1763 1963 1951 2034 enim
2004 1961 2305 2057 simplex
2325 2011 2350 2050 ,
2402 1961 2744 2034 candidus
2767 2012 2793 2048 ‚
2859 1976 3197 2057 apertuS,
3249 1963 3598 2053 sincerus,
3654 1966 3746 2040 ab
3784 1964 3975 2041 omni

546 2119 819 2220 fraude
864 2119 1140 2190 alienus
1164 2167 1185 2202 ‚
1260 2114 1765 2210 promissorum
1819 2111 2038 2186 etiam
2096 2133 2218 2184 suo
2264 2111 2682 2184 incommodo
2738 2114 3337 2187 servantissimus.
3454 2114 3662 2214 Quid
3703 2115 3790 2192 de
3829 2129 3969 2212 pa·

562 2274 759 2347 triae
811 2290 1051 2341 amore
1095 2265 1374 2351 dicam3
1424 2263 1627 2354 cujus
1677 2259 1943 2362 caussa
1988 2278 2139 2334 tam
2190 2280 2451 2357 graves
2492 2260 2917 2334 inimicitias
2951 2263 3253 2358 suscepit
3274 2317 3298 2355 ‚
3353 2280 3641 2361 tamque
3701 2287 3969 2366 magna

556 2419 829 2514 accepit
869 2364 1192 2488 damna}³
1243 2412 1448 2514 Quid
1483 2412 1568 2485 de
1609 2412 2007 2487 constantia
2026 2411 2069 2484 Ρ
2117 2432 2331 2505 quam
2366 2428 2518 2491 tum
2557 2411 2634 2485 in
2667 2412 2772 2493 iis,
2805 2406 3081 2488 casibus
3102 2464 3126 2502 ‚
3182 2415 3431 2509 quibus
3481 2439 3637 2490 eum
3659 2414 3967 2515 fortuna

570 2565 1016 2640 uehementer
1069 2564 1437 2647 exercuit,
1492 2581 1639 2638 tum
1692 2564 1770 2638 in
1808 2562 2164 2639 sententia
2210 2566 2295 2637 de
2346 2562 2717 2662 republica
2788 2574 2879 2640 'ac
2931 2567 3015 2638 de
3076 2564 3268 2640 bonis
3332 2565 3679 2661 malisque
3753 2570 3970 2647 rebus

559 2732 911 2791 summam
957 2720 1229 2804 semper
1268 2705 1584 2781 ostendit
1600 2727 1634 2793 ‚-
1701 2726 1830 2778 nec
1884 2710 2056 2776 ullis
2109 2728 2425 2803 unquam
2487 2732 2620 2783 aut
2659 2717 2845 2782 lucri
2897 2713 3247 2781 illecebris
3294 2728 3384 2780 ac
3424 2705 3968 2805 pollicitationi-5

550 2865 682 2938 hus
696 2911 722 2947 ‚
788 2877 920 2930 aut
974 2859 1324 2931 malorum
1383 2871 1575 2931 metu
1616 2876 1704 2930 ac
1741 2854 1955 2932 minis
2011 2856 2256 2934 induci
2284 2859 2527 2957 potuit
2546 2910 2573 2952 ,
2627 2874 2712 2938 ut
2757 2859 2843 2939 de
2889 2853 3096 2939 rectd
3133 2857 3262 2942 rid
3300 2856 3694 2962 deflecteret
3707 2887 3736 2942 .·
3786 2881 3961 2979 erat

549 3011 741 3090 enim
811 3027 1230 3086 Luzaclo
1289 2989 1576 3081 animus
2230 3003 2239 3014 ⁴
3035 3015 3040 3020 ’
3185 2982 3192 2992 ’

1329 3307 1741 3408 Rerumque
1791 3306 2140 3407 prudens,
2193 3328 2265 3386 et
2317 3308 2637 3389 secundis
2731 3343 2740 3346 -

1434 3461 1921 3556 Temporibus
1971 3470 2337 3558 dubiisque
2392 3491 2674 3555 rectuS,

1219 3613 1507 3689 Vindex
1556 3635 1796 3686 avarae
1859 3618 2148 3710 fraudis,
2198 3640 2272 3690 et
2320 3621 2671 3693 abstinens

1235 3767 1588 3847 Ducentis
1637 3770 1724 3844 ad
1774 3790 1850 3844 se
1899 3788 2152 3845 cuncta
2200 3777 2566 3863 pecuniae.

549 4050 865 4129 Illarum
914 4059 1153 4120 autem
1201 4043 1553 4120 virtutum
1619 4037 1824 4114 haud
1864 4038 2002 4115 scio
2061 4060 2161 4114 an
2218 4035 2495 4113 nullum
2558 4034 2796 4135 majus
2853 4052 3082 4116 exstet
3129 4038 3605 4119 documentum
3626 4098 3651 4137 ,
3718 4063 3943 4152 quam

553 4202 753 4298 ipsae
798 4201 980 4270 istae
1028 4194 1454 4273 inimicitiae
1471 4245 1497 4282 ‚
1556 4212 1873 4289 quaeque
1921 4189 2055 4268 has
2107 4212 2384 4269 secutae
2418 4212 2586 4267 sunt
2613 4191 3077 4271 'calamitates
3119 4210 3189 4270 et
3232 4194 3346 4269 rei
3370 4193 3778 4292 familiaris
3817 4200 3936 4272 de·

558 4354 930 4432 trimenta.
1013 4346 1356 4420 Mis-abili
1417 4346 1604 4436 enim
1656 4342 2047 4444 flagrabat
2103 4340 2461 4421 libertatis
2537 4361 2779 4420 amore
2795 4398 2819 4435 ‚
2893 4345 3340 4462 tyrannidem
3395 4365 3557 4444 vero
3613 4372 3939 4446 quorum·

537 4456 842 4598 ..eumque
934 4496 1219 4571 tandem
1306 4508 1520 4587 atque
1600 4495 2044 4593 impotentem
2131 4496 2669 4572 dominationem
2747 4496 2887 4594 'qui
2962 4497 3432 4574 uehementius
3506 4517 3936 4597 aspernare-

428 4639 435 4644 ’
540 4671 671 4733 tur
692 4703 718 4740 ,
767 4672 958 4725 nemo
996 4645 1152 4746 ficit
1219 4645 1583 4721 inventus.-
1657 4657 1763 4718 at·
1784 4650 2187 4722 libertatem
2261 4645 2559 4727 amabat
2605 4649 2967 4747 sapienter
3011 4609 3340 4745 justeque
3402 4667 3934 4751 temperatam,

533 4805 657 4899 cuj
660 4825 739 4878 us
820 4817 1005 4886 eam.
1048 4820 1189 4872 esse
1243 4798 1388 4874 vim
1446 4795 1777 4876 credebat
1840 4816 1932 4875 ac
2013 4819 2341 4878 normam
2371 4848 2400 4894 ,
2485 4819 2572 4881 ut
2629 4825 2849 4904 neque
2887 4803 3275 4904 patiamur
3313 4854 3340 4890 ‚
3421 4827 3642 4905 neque
3691 4802 3935 4902 faciaq

3224 4955 3265 4998 a
3285 4951 3323 5000 ια
3341 4950 3383 5003 ια
