5038 5975
649 651 860 728 Sec'rto
885 660 968 723 11.

725 744 782 816 §2
826 740 919 803 18·

658 1885 760 2023 οξ
783 1899 933 2023 οἵ,

587 2037 966 2121 {Hieronymi

588 2142 742 2192 erga
777 2123 944 2182 alies

574 2201 999 2285 Philosolghos.

1037 447 1185 526 ‘noo'
1860 436 3702 515 LECTION·ES·ATT.102E..·

1040 651 1286 738 cium,
1342 663 1498 745 'quo
1555 641 1999 737 Hieronymi
2053 642 2295 711 nostri
2340 654 2643 738 tempus
2690 640 2888 712 vitae
2940 637 3168 712 simul
3209 652 3436 738 atque
3486 637 3781 714 indoles
3833 652 3908 712 et
3951 642 4186 714 animi
4223 642 4440 740 inge—-

1039 778 1258 847 nium
1302 778 1891 865 cognoscuntur.
1998 763 2208 836 Istud
2247 776 2499 833 autem
2549 765 2942 859 ingenium
2971 816 2993 852 ,
3041 764 3226 834 ‘atos
3275 764 3746 861 Peripatetici
3803 787 4050 836 mores
4096 787 4432 861 perscru-

1039 899 1179 970 tari
1247 892 1655 991 praecipua
1705 910 1879 986 pars
1930 910 2206 984 operae
2261 901 2564 958 nostrae
2627 900 2738 957 est
2767 939 2791 972 ,
2862 901 2952 958 ut
3013 909 3208 984 quae
3266 884 3495 958 fuerit
3547 887 3955 982 auctoritas
4010 886 4228 971 Viri,
4296 898 4430 960 aut

1032 1018 1290 1118 potius
1312 1035 1505 1113 quae
1540 1015 1621 1084 in
1669 1009 1994 1083 dice'ndo
2041 1024 2309 1082 contra
2342 1014 2723 1080 Socratem
2768 1008 3026 1082 levitas
3057 1034 3150 1080 ac
3187 1007 3374 1082 fides
3419 1009 3657 1099 mala,
3715 1007 3986 1108 (quam
4028 1007 4235 1083 solus
4277 1003 4438 1078 huc

1036 1162 1281 1238 usque
1333 1141 1830 1230 Butram-ns
1878 1132 2459 1234 perspexerat,)
2504 1129 2978 1206 manifestius
3026 1131 3614 1208 demonstretur.

1278 1451 1354 1548 ς.
1408 1454 1606 1526 xlx.
1674 1449 1805 1520 De
1846 1448 2029 1522 odio
2092 1455 2624 1522 Hisnonnn
2676 1453 3027 1524 Rnontt
3095 1471 3284 1548 erga
3328 1441 3829 1516 Arcesilaum
3859 1439 4184 1517 'Acade-
4395 1447 4418 1480 ⁴

1422 1578 1753 1661 micum,
1806 1589 1888 1646 ec
1930 1571 2265 1672 Lycona
2312 1573 2969 1671 Peripateticum,
3027 1571 3275 1674 deque
3323 1559 3482 1668 ejus
3525 1566 3686 1640 odii
3723 1549 4039 1641 caussis.

1124 1887 1377 1963 Verbo
1442 1886 1733 1961 dictum
1796 1911 1839 1959 a
1899 1883 2119 1959 nobis
2168 1909 2402 1984 supra
2460 1901 2622 1976 est,
2651 1914 3040 1990 -magnum
3087 1918 3268 1966 cum
3331 1907 3596 1993 aperto
3649 1887 3957 1965 dissidio
4014 1888 4280 1964 odium
4335 1888 4434 1966 di

1028 2005 1496 2120 Hieronymo
1569 2008 1867 2081 Rhodio
1936 2024 2376 2107 susceptum
2432 2009 2667 2083 fuisse
2736 2029 3003 2086 contra
3085 2016 3546 2087 Arcesilaum
3615 2028 3696 2083 et
3765 2018 4065 2107 Lycona
4098 2065 4124 2095 ,
4177 2003 4432 2083 illum'

1027 2160 1268 2211 novae
1324 2132 1799 2214 Academiae,
1860 2131 2070 2200 hunc
2127 2130 2425 2199 scholae
2478 2119 3009 2229 Peripateticae
3059 2149 3312 2232 caput.
3419 2138 3630 2224 Quae
3692 2145 3946 2204 autem
3993 2132 4454 2229 hujus-tam-

1022 2261 1265 2362 gravis
1315 2250 1596 2330 dissidii
1652 2264 1726 2321 et
1779 2248 2103 2321 invidiae
2150 2249 2340 2336 fuit,
2392 2287 2483 2301 --
2531 2278 3051 2344 caussa,-non
3103 2255 3395 2347 dicam,
3451 2255 3701 2353 (illam
3735 2258 3974 2326 -enim
4025 2257 4109 2325 in
4166 2258 4431 2332 vitiosa

1020 2380 1528 2460 aemulatione
1592 2372 1915 2471 positam
1972 2364 2199 2440 fuisse
2244 2421 2265 2454 ‚
2340 2366 2733 2464 probabile
2797 2371 2949 2464 est)
3001 2408 3090 2425 -—
3135 2377 3272 2444 sed
3337 2398 3530 2472 quae
3574 2429 3597 2463 ,
3647 2382 3987 2478 inquam
4035 2436 4055 2470 ,
4136 2377 4452 2454 dissidii

902 2521 913 2530 ·
1018 2506 1166 2582 fuit
1215 2505 1409 2578 ratio
1450 2554 1472 2589 ,
1546 2493 1755 2596 quod
1812 2490 2405 2592 argumentum?
2452 2533 2559 2550 --
2609 2497 2712 2566 Ut
2767 2519 2852 2566 ea
2904 2497 3141 2594 magis
3203 2500 3605 2598 perspicue
3667 2498 4018 2576 eluceant
4048 2556 4069 2593 ‚
4124 2503 4221 2576 ad
4261 2506 4462 2584 Ηὶῦή.

1017 2634 1297 2705 toriam
1359 2620 1668 2698 illorum
1740 2634 2175 2718 temporum
2248 2632 2361 2690 est
2419 2616 3000 2692 attendendum.
3055 2662 3159 2684 --
3206 2624 3323 2695 Ab
3359 2621 3507 2696 -iua
3577 2605 3822 2722 usque
3893 2613 4131 2700 aetate
4164 2679 4190 2714 ,
4276 2651 4431 2724 qua

1015 2753 1472 2855 sapientiae,
1526 2745 2003 2845 eloquentiae
2030 2797 2050 2834 ‚
2108 2761 2194 2813 ac
2265 2746 2598 2842 poetices
2643 2742 2988 2818 studium
3055 2749 3136 2818 in
3196 2750 3501 2822 Graecia
3542 2762 3771 2850 atque
3817 2749 4134 2826 Athenis
4191 2735 4430 2824 excoli

1016 2891 1095 2953 et
1150 2875 1428 2950 florere
1492 2881 1962 2969 coeperunt,
2042 2884 2209 2941 tum
2278 2868 2409 2939 alii
2463 2871 3083 2969 potentia-atque
3154 2871 3432 2973 opibus
3500 2874 3834 2973 insignes
3898 2877 4280 2973 Principes
4346 2889 4426 2945 et·

1017 2985 1352 3102 'Tyranni
1396 3055 1419 3091 ‚
1466 3011 1675 3070 ‘tum
1742 2994 2248 3068 Macedonum
2323 2996 2651 3099 inanime
2708 2999 2866 3067 Rex
2925 2998 3346 3074 Archelaus
3386 3053 3409 3089 ,
3487 2979 3686 3072 uiros
3743 2996 4265 3093 Philosophiae
4313 3017 4420 3065 ·ae

1015 3126 1411 3199 literarum
1460 3119 1681 3195 laude
1725 3120 1965 3192 claros
2022 3118 2116 3191 ad
2162 3144 2241 3193 se
2293 3122 2719 3197 invitarunt
2745 3173 2766 3209 ,
2820 3119 3157 3221 hospitio
3205 3140 3282 3193 et
3332 3123 3592 3194 mensa
3634 3134 4092 3219 exceperunt
4119 3168 4141 3209 ,
4193 3112 4434 3192 donis

1013 3264 1094 3324 et
1142 3244 1546 3321 'beneficiis
1615 3245 2166 3317 cumularunt:
2244 3249 2355 3313 De
2414 3249 2758 3333 Socrate,
2809 3242 2904 3314 de
2958 3242 3317 3342 Euripide
3357 3297 3379 3332 ‚
3445 3269 3640 3341 quos
3703 3239 4114 3311 Archelaus
4186 3238 4281 3313 ad
4342 3264 4422 3315 se

1016 3373 1367 3442 invitavit
1402 3419 1423 3448 ,
1497 3390 1616 3433 res
1678 3379 1789 3432 est
1851 3363 2304 3453 notissim23
2395 3388 2648 3463 neque
2685 3422 2706 3456 ‚
2786 3382 2875 3440 ut
2949 3368 3043 3441 de
3115 3364 3470 3463 Phili'ppo
3531 3365 3946 3462 quiequam
4007 3362 4354 3437 didimus
4396 3418 4416 3453 ,

1017 3509 1321 3560 necesse
1374 3498 1485 3557 est
1524 3534 1546 3572 ‚
1628 3485 1841 3580 cujus
1899 3508 2072 3583 erga
2129 3490 2532 3563 Isocratem
2584 3490 3112 3561 benevolentia
3153 3540 3175 3573 ‚
3252 3509 3426 3581 erga
3497 3491 3846 3560 Isoemtis
3877 3508 3887 3519 ’
3913 3484 4422 3560 adversarium

1013 3607 1493 3686 Aristotelem
1545 3611 1782 3707 gratia
1846 3625 1921 3681 et
1967 3613 2275 3702 caritas,
2332 3639 2374 3686 a
2422 3616 2777 3700 nemine,
2836 3614 2972 3710 qui
3011 3614 3335 3681 Graecae
3399 3613 3894 3710 Antiquitatis
3934 3614 4227 3710 peritus
4279 3614 4419 3700 sit,

1015 3734 1349 3833 ignorari
1406 3747 1751 3834 possunt.
1855 3737 1969 3806 De
2036 3733 2531 3827 Callisthene,
2589 3734 2683 3809 de
2735 3733 3192 3809 Anaxarcho
3239 3731 3750 3833 Philosophis,
3810 3733 4211 3806 Alexandri
4264 3737 4424 3805 Ma·

1016 3857 1333 3949 cedonis
1383 3861 1466 3929 in
1525 3856 2023 3958 Expeditione
2075 3862 2478 3937 comitibus
2504 3874 2538 3949 ,¹
2587 3866 2733 3959 ipsi
2788 3885 3017 3954 supra
3064 3862 3400 3953 egimu33
3456 3882 3597 3929 nec
3658 3881 4128 3957 quemquam
4194 3855 4426 3946 latet,'

1017 4008 1249 4081 quam
1314 3981 1538 4055 multi
1615 3985 1964 4054 Historici
2005 4032 2030 4065 ,
2113 3981 2541 4076 Geographi
2572 4028 2598 4062 ,
2698 4002 3049 4051 rerumve
3119 3982 3582 4055 naturalium
3643 3980 3959 4053 studiosi
4002 4031 4028 4065 ,
4109 3981 4425 4054 asseclae

1018 4104 1353 4201 ejusdem
1409 4110 1491 4179 in
1565 4107 1824 4181 castris
1874 4100 2165 4176 fuerint
2229 4115 2361 4175 aut
2415 4103 2646 4181 etiam
2703 4101 2997 4178 sodales
3045 4120 3122 4179 et
3189 4120 3747 4180 comessatores.
3854 4109 4013 4189 Hoc
4062 4108 4256 4202 regis
4299 4104 4422 4177 sui

1018 4240 1249 4324 atque
1302 4230 1778 4330 imperatoris
1833 4224 2310 4325 emplum,
2367 4227 2701 4326 quadam
2759 4228 2969 4302 velut
3033 4229 3546 4302 aemulatione
3609 4227 3750 4299 hac
3791 4229 4020 4300 etiam
4066 4228 4148 4297 in
4204 4240 4417 4323 parte

982 4352 1621 4442 -contendentes‚
1673 4354 1906 4425 secuti
1965 4365 2167 4425 sunt·
2203 4350 2432 4423 duces
2474 4408 2495 4443 ‚
2577 4357 2713 4452 qui
2784 4355 3194 4455 imperium
3243 4355 3600 4425 Graeciae
3645 4406 3667 4444 ‚
3743 4356 3994 4437 Asiae,
4049 4347 4411 4446 Aegypti,

1020 4490 1250 4573 atque
1296 4478 1665 4569 Orientis,
1721 4472 2134 4549 latrociniis
2197 4470 2593 4574 parat'um,
2661 4494 2834 4578 post
2904 4475 3304 4549 Alexandri
3359 4474 3504 4550 sata
3536 4530 3558 4565 ‚
3632 4480 3835 4550 inter
3887 4492 3962 4545 se
4008 4483 4192 4543 sunt
4250 4492 4422 4569 par-

1026 4599 1366 4686 titi‚,aut
1416 4603 1720 4695 potius,
1774 4599 2091 4698 praedae
2141 4599 2421 4685 instar,
2475 4597 2883 4698 spoliatum
2952 4598 3553 4711 dilaniatumque
3618 4601 4198 4695 discerpserunt.
4306 4590 4426 4664 Illi

1018 4722 1232 4806 ,enim
1278 4721 1691 4817 sapientiae
1740 4723 2132 4817 magistros
2181 4722 2702 4813 sectabantur,
2759 4723 3145 4815 colebant,
3203 4728 3416 4798 omni
3467 4723 3894 4797 officiorum
3945 4744 4220 4820 genere
4271 4718 4426 4816 ple-

1023 4868 1352 4945 rumque
1399 4840 2057 4947 prosequebantur
2086 4894 2109 4933 ,
2162 4842 2384 4923 donis
2444 4846 2876 4944 ornabant,
2948 4850 3312 4925 conviviis
3372 4845 3833 4923 adhibebant
3875 4901 3898 4941 ,
3975 4858 4170 4919 tecto
4229 4838 4425 4917 exeis

4059 4960 4374 5065 piebant
4395 5006 4424 5057 2-
