5038 5975
1106 552 1244 627 ιω
1921 503 2822 628 LEcr1oNsss
2964 553 3672 635 ATTICAR

612 803 631 820 .
672 747 899 810 'term
942 747 1024 808 11·
1096 748 1472 845 beflzcceC,
1531 771 1625 820 an
1684 746 1747 822 is
1795 750 2153 848 protinus
2218 747 2611 849 deperdita
2675 750 2984 828 illorum
3049 756 3323 854 scripta
3374 780 3535 829 non
3605 753 4022 846 desideret,
4067 772 4367 854 reperta
4417 761 4536 831 itt*

746 830 818 902 ’ς’
873 842 964 885 ¹²⁸
1103 873 1351 945 lucem
1414 870 1747 943 edi-non
1816 896 1909 944 ex
1968 877 2227 945 animo
2281 871 2652 970 gaudeat?
2695 879 2909 967 Quae
2962 875 3146 950 haec
3199 894 3314 952 est
3384 882 3979 978 argumentatio,
4035 878 4245 975 quod
4303 876 4506 951 istud

1097 995 1517 1092 judicium,
1574 996 1720 1066 nisi
1780 995 2213 1094 cupiditatis
2266 1011 2342 1068 et
2383 998 2864 1072 iracundiae?
2914 1005 3069 1074 Nos
3112 1000 3467 1099 quidem,
3531 1017 3608 1073 et
3649 993 4099 1100 quicunque
4145 998 4504 1072 eruditio-

1106 1141 1287 1190 nem
1344 1118 1737 1215 bonasque
1804 1116 2058 1191 literas
2132 1143 2307 1192 cum
2370 1120 2574 1192 bon&
2631 1138 2890 1196 mente
2949 1124 3412 1221 conjungere
3475 1127 3874 1223 cupimus,
3941 1122 4506 1223 qualescunque

1100 1265 1198 1315 ex
1250 1257 1591 1315 veterum
1638 1243 2113 1339 Scriptorum
2166 1241 2560 1342 naufragio
2607 1243 2896 1318 tabulas
2937 1244 3112 1317 laeti
3166 1248 3613 1345 accipimus,
3666 1246 3981 1319 studiosi
4037 1243 4506 1343 expolimus,

1104 1364 1405 1438 solliciti
1461 1387 1884 1438 servamus:
1942 1364 2083 1434 Sed
2128 1365 2438 1439 liberam
2492 1383 2745 1440 tamen
2797 1369 3018 1442 nobis
3057 1383 3288 1466 atque
3342 1369 3711 1466 integram
3755 1367 4230 1440 vindicamus
4279 1363 4510 1438 facul·

1110 1501 1345 1561 tatem
1412 1502 1487 1559 et
1536 1485 1632 1558 de
1680 1489 1861 1586 ipsis
1924 1490 2471 1588 Scriptoribus,
2519 1506 2610 1564 ‘et
2662 1490 2755 1564 de
2799 1515 3074 1565 eorum
3130 1489 3323 1582 fide,
3376 1506 3450 1563 et
3507 1489 3601 1562 de
3663 1490 3890 1563 rebus
3940 1514 4131 1588 quas
4191 1491 4515 1588 posteris

1114 1607 1640 1701 tradiderunt,
1693 1612 1800 1683 sic
1846 1613 2365 1704 existimandi,
2414 1631 2510 1689 ut
2558 1631 2759 1689 recta
2805 1615 2952 1689 fert
2995 1617 3235 1702 rati0,
3287 1611 3627 1713 prudens
3671 1617 3917 1713 poscit
3957 1610 4511 1710 intelligentia,

1114 1732 1607 1833 incorruptus
1654 1732 1871 1831 jubet
1928 1738 2264 1811 veritatis
2310 1764 2576 1815 sensus
2619 1756 2696 1812 et
2750 1763 3012 1813 amor:
3065 1741 3269 1829 Quas
3326 1733 3527 1808 inter
3581 1761 3740 1826 res,
3791 1737 4113 1836 posteri—⁰·
4153 1732 4509 1824 lmffltasso

1106 1855 1177 1928 si
1248 1856 1404 1926 sint
1464 1854 1772 1927 inutiles
1836 1869 1912 1927 et
1971 1881 2254 1949 vanae,
2334 1865 2397 1934 si
2463 1879 2725 1961 turpes
2775 1876 2853 1932 et
2910 1860 3308 1933 indecorae
3338 1913 3362 1948 ,
3414 1859 3478 1932 si
3528 1859 3801 1932 dubiae
3833 1911 3855 1949 ‚
3909 1859 4284 1948 incertae,
4335 1879 4521 1929 con·

1115 1972 1382 2065 fictae,
1434 1975 1697 2066 salsae,
1748 2015 1853 2033 —-
1900 1991 1977 2051 et
2033 1979 2437 2057 Auctorem
2495 1983 3176 2085 reprehendimus,
3225 1996 3306 2054 et
3361 2007 3653 2053 errores
3705 1981 4164 2064 refellimus,
4215 1993 4298 2049 et
4337 1980 4518 2050 vitis

1117 2099 1203 2168 in
1253 2099 1510 2197 aperta
1560 2099 1727 2172 luce
1769 2098 2263 2176 collocamus:
2318 2111 2620 2202 Neque,
2671 2107 2863 2176 dum
2901 2091 3242 2174 officium
3285 2095 3647 2188 facimus,
3706 2123 3849 2172 nos
3883 2112 4019 2172 aut
4062 2093 4220 2168 ulla
4275 2097 4518 2170 deter-

1118 2232 1236 2290 ret
1274 2224 1702 2292 auctoritas
1732 2273 1757 2308 ,
1834 2236 1968 2293 aut
2010 2227 2256 2296 variae
2300 2230 2803 2327 copiosaeque
2864 2223 3256 2296 doctrinae
3317 2224 3596 2296 retinet
3641 2220 4045 2294 celebratio
4079 2274 4103 2311 ,
4157 2234 4291 2294 aut
4335 2229 4520 2320 sua·-

1116 2343 1230 2413 vis
1290 2356 1369 2414 et
1422 2342 1891 2435 voluptariae
1958 2345 2411 2413 eruditionis
2479 2348 2791 2413 deliciae
2859 2344 3322 2419 dissuadent.
3441 2350 3764 2419 IsAAce
3831 2343 4144 2444 quidem
4199 2349 4526 2420 Cassu-

687 2473 1030 2532 omnnem
1100 2486 1331 2538 ..norm
1376 2461 1792 2559 opinamur
1833 2461 2221 2533 neminem
2263 2465 2500 2562 magis
2541 2487 2918 2562 pequam,
2977 2462 3213 2559 magis
3245 2460 3614 2532 idoneum
3635 2515 3661 2549 ,
3717 2469 4077 2542 exstitisse
4109 2469 4526 2565 ‘lices-armus

680 2555 799 2712 εξ,
838 2562 1097 2716 ῗῶυιῖζζ
1116 2584 1650 2657 humanarum
1702 2586 2289 2658 ‘aestimatorem
2318 2612 2348 2674 ‚·
2423 2603 2502 2661 et
2574 2585 2907 2660 eundem
2993 2600 3246 2658 tamen
3333 2582 3869 2659 Casaubonum
3946 2594 4219 2666 noxiae
4293 2610 4528 2693 atque

688 2737 821 2778 um.
1119 2707 1419 2783 inutilis
1472 2705 1901 2802 πολυμαθείας
1954 2711 2483 2809 gravissimum
2552 2712 2974 2811 reperimus
3028 2708 3648 2830 censorem-3198
3697 2710 3802 2807 (1)
3858 2713 4152 2788 verbis:
4211 2722 4267 2759 “
4320 2718 4524 2791 Finis

1117 2887 1172 2925 „
1224 2831 1453 2931 hujus
1510 2835 1985 2933 scriptionis,
2040 2860 2271 2934 quem
2318 2835 2418 2912 ob
2465 2835 2728 2910 oculos
2776 2834 3209 2912 Athenaeus
3256 2830 3570 2928 habuit,
3622 2848 3735 2908 est
3785 2834 4226 2936 πλυμάθεια,
4265 2856 4350 2916 et
4394 2840 4523 2911 illa

1070 2996 1172 3051 ·„
1224 2981 1482 3032 rerum
1540 2958 1896 3032 omnium
1945 2941 2436 3062 antiquarum
2481 2963 2859 3063 cognitio,
2916 2986 3112 3063 quae
3156 2975 3232 3035 et
3267 2985 3408 3061 per
3443 2983 3528 3035 se
3573 2964 3988 3061 expetitur,
4041 2974 4118 3033 et
4163 2955 4259 3031 ad
4297 2955 4522 3032 ‘intel-

1114 3136 1170 3173 „
1223 3081 1565 3181 ligendos
1614 3090 1917 3155 veteres'
1960 3086 2377 3184 Scriptores
2438 3113 2619 3160 sane
2671 3111 2904 3185 quam
2976 3087 3387 3159 necessaria
3449 3097 3611 3164 est,
3683 3083 4007 3152 maxime
4057 3095 4315 3153 autem
4376 3083 4520 3156 Co·

1118 3259 1171 3297 „
1228 3207 1514 3295 micos;
1580 3203 1675 3277 ad
1741 3231 2075 3305 quorum
2148 3208 2554 3280 lectionem
2619 3224 2866 3274 totum
2935 3204 3083 3272 hoc
3133 3223 3330 3299 opus
3377 3197 3731 3298 εἰσαγωγὴν
3777 3201 4190 3300 quamdam
4239 3225 4396 3276 esse
4444 3218 4525 3277 et

1112 3382 1171 3421 „
1222 3328 1616 3425 πηρασκευὶμ
1678 3329 2007 3401 ubertim
2076 3325 2475 3395 docuimus
2533 3347 2672 3397 suo
2741 3321 2967 3395 loco:
3021 3322 3137 3395 Ibi
3199 3318 3378 3395 sa‘tis
3434 3323 3798 3392 detestati
3853 3344 4113 3395 sumus
4165 3339 4524 3399 veterum

1111 3500 1165 3541 „
1218 3447 1725 3518 Eruds’corum
1825 3442 2036 3516 hanc
2140 3442 2538 3517 lasciviam
2643 3451 2795 3518 sive
2878 3441 3453 3543 petulantiam,
3547 3459 3696 3513 auc
3776 3446 4208 3519 immanem
4314 3465 4521 3526 cet-ee

1118 3622 1172 3665 „
1222 3570 1607 3670 περιεῃίω,
1654 3571 1787 3667 qui
1829 3566 2068 3639 bonas
2110 3565 2334 3639 horas
2392 3567 2668 3642 talibus
2709 3564 3192 3643 sermonibus
3225 3563 3542 3665 perdere
3590 3590 3752 3638 non
3792 3567 4261 3642 erubuerint.
4344 3574 4520 3643 Non
4565 3666 4572 3673 α

1120 3753 1174 3789 ,,
1228 3711 1339 3769 est
1394 3691 1734 3795 profecto
1791 3691 1933 3762 viri
1984 3692 2386 3789 sapientis,
2443 3688 2834 3765 doctrinae
2884 3707 2962 3765 et
3014 3689 3574 3788 memmius
3628 3688 3926 3763 laudem
3960 3744 3981 3779 ,
4035 3690 4350 3790 pudoris
4397 3691 4517 3764 vel

1120 3873 1179 3912 „
1233 3818 1554 3891 leviculo
1605 3815 1932 3906 damno,
1988 3813 2272 3886 nedum
2323 3816 2662 3913 jactura,
2718 3818 2827 3889 ire
2872 3815 3012 3888 sibi
3060 3812 3453 3882 adscitum.
3559 3820 3840 3883 Verum
3885 3812 4069 3882 haec
4110 3808 4516 3909 reprehen-

1120 3996 1175 4035 „
1224 3941 1405 4012 dere
1447 3939 1757 4041 quidem
1817 3962 2217 4039 possumus
2237 3993 2271 4029 ,¹
2310 3939 2439 4012 sed
2492 3953 2789 4010 mutare
2833 3952 2995 4007 που
3053 3928 3533 4031 possumus.”

1222 4064 1463 4157 Igitur
1493 4112 1515 4150 ,
1569 4082 1809 4157 quum
1872 4063 2298 4132 immanem
2362 4063 2519 4159 (uti
2586 4061 2850 4157 vocat)
2893 4058 3237 4159 wepoepyc‘av
3305 4073 3658 4131 veterum
3715 4056 4220 4132 Emdicorum
4266 4074 4518 4137 severe

1122 4182 1473 4256 aestimat
1521 4204 1605 4252 ac
1647 4202 1789 4280 pro
1836 4184 2125 4256 meritis
2178 4185 2715 4285 reprehendit,
2772 4212 2866 4259 an
2914 4198 3315 4283 propterea
3362 4182 3627 4255 utilem
3661 4198 3704 4273 ,‘
3736 4206 4038 4273 sanam,
4093 4198 4522 4283 castamque

1120 4302 1554 4403 ποὶωμαθεὶω
1596 4309 1998 4379 contemsit
2053 4308 2543 4387 Casaubonus
2592 4324 2817 4407 atque
2869 4330 3134 4380 exosus
3188 4305 3342 4378 est?
3390 4330 3487 4376 an
3550 4331 3823 4397 suum,
3882 4305 4131 4405 aliqua
4175 4307 4518 4405 quamvis

1065 4458 1069 4463 ’
1122 4446 1342 4535 parte
1397 4430 1756 4503 mutilum
1789 4483 1810 4521 ,
1864 4428 2335 4503 Athenaeum
2389 4432 2679 4507 editum
2735 4429 3035 4521 noluit,
3088 4428 3248 4502 im‘o
3300 4425 3553 4527 (quod
3607 4429 3782 4530 plus
3827 4430 3981 4525 est)
4029 4426 4520 4500 emendatum
4593 4432 4614 4444 '

1114 4556 1381 4632 ‘noluit
1440 4572 1517 4630 et
1585 4557 1873 4656 egregie
1926 4555 2442 4626 exornatum?
2516 4558 2671 4657 Ipsi
2733 4579 2873 4629 nos
2935 4552 3122 4654 quid
3186 4553 3280 4625 de
3349 4552 3815 4653 Polyhistore
3882 4554 4025 4622 isto
4087 4552 4522 4653 Naucratita

1106 4678 1586 4770 'sentiamus,
1659 4680 1834 4778 plus
1905 4676 2138 4750 semel
2199 4674 2433 4750 libere
2491 4695 2568 4752 et
2627 4704 2720 4753 ex
2785 4681 3042 4753 animo
3101 4679 3237 4777 (ut
3299 4679 3670 4774 ingenuos
3733 4672 4036 4771 decet,)
4092 4674 4280 4773 quid
4334 4679 4519 4748 item

1112 4802 1226 4879 -de
1293 4804 1631 4900 Diogene
1700 4801 2000 4874 Lae‘rtio
2042 4853 2063 4892 ,
2140 4778 2425 4878 sumus
2462 4800 2833 4905 professiz
2909 4803 3060 4905 Sed
3115 4824 3213 4875 an
3266 4797 3641 4899 judicium
3703 4814 4054 4879 nostrum
4109 4821 4202 4871 eo
4263 4796 4522 4867 detor-

4119 4913 4520 5018 quendum

660 1099 695 1116 Α

1208 5140 1304 5223 (ι)
1342 5141 1703 5211 Λπίιηαᾰν.
1737 5144 1840 5209 ad
1869 5144 2118 5214 Athen.
2156 5146 2290 5212 Lib.
2330 5146 2499 5214 xm.
2541 5146 2687 5230 esp.
2735 5166 2790 5210 ι.
