5038 5975
1098 480 1236 555 160
1903 477 2819 549 LEGTIONES
2946 478 3657 554 ATTICAE.

682 676 898 736 sacrm
942 675 1024 734 ΙΙ·
1088 690 1251 765 rat,
1305 673 1583 773 quibus
1629 694 1893 744 omnes
1934 672 2223 744 Pisonis
2261 668 2651 761 libidines,
2704 672 2964 744 omnia
2991 696 3399 750 coenarum
3441 697 3755 773 genera,
3813 676 4495 780 conviviorumque

763 754 960 829 5..ιο

1093 797 1457 870 adulteria
1502 848 1524 885 ,
1609 793 2150 867 delicatissimis
2222 793 2559 867 versibus
2654 811 3134 894 expresserat.
3260 801 3500 896 Igitur
3541 853 3584 886 ,
3663 798 3935 871 illustri
4008 805 4417 901 specimine
4468 857 4490 894 ,

1092 935 1343 991 cascos
1389 917 1556 992 illos
1596 935 2063 1017 sanctosque
2112 914 2607 1008 Philaenidis,
2661 932 2749 989 ut
2774 917 3320 1020 plerorumque
3356 924 3902 1022 Epicureorum
3927 978 3948 1015 ,
3983 950 4235 997 mores
4262 979 4282 1010 ‚
4340 939 4497 996 tan·

1091 1066 1322 1140 quam
1367 1044 1449 1114 in
1494 1039 1848 1142 speculo,
1903 1042 2189 1113 intueri
2234 1040 2411 1112 licet
2461 1043 2544 1113 in
2588 1040 2742 1113 vita
2793 1040 3034 1132 illius,
3090 1045 3223 1144 qui
3275 1070 3353 1116 se
3409 1048 3904 1145 impurissimi
3949 1063 4180 1149 atque
4223 1051 4494 1119 intem»

1088 1165 1597 1263 perantissirni
1679 1164 2075 1238 convictus
2143 1188 2384 1236 coeno
2438 1177 2515 1235 et
2577 1162 2923 1237 sordibus
2983 1166 3414 1263 inquinavit
3450 1221 3470 1255 ,
3552 1171 3919 1267 cujusque
3981 1173 4224 1270 qualis
4280 1176 4495 1243 Musa

991 1307 999 1321 ·
1086 1283 1320 1361 fuerit
1377 1286 1900 1386 Philosophica
1941 1342 1962 1375 ,
2036 1285 2281 1386 qualis
2332 1290 2888 1386 Epigrammata
2947 1287 3469 1362 conscribendi
3531 1292 4001 1363 consuetudo
4052 1347 4072 1382 ,
4143 1319 4234 1364 ex
4291 1317 4494 1363 non·

1088 1407 1320 1482 nullis
1368 1408 1727 1506 elegantis
1783 1409 1911 1483 sed
1974 1407 2224 1483 lascivi
2282 1412 2723 1510 imparique
2772 1411 3058 1508 ingenii
3109 1407 3480 1500 foetibus,
3536 1417 3669 1510 qui
3728 1431 4185 1512 supersunt,
4240 1417 4497 1485 etiam·

1087 1555 1279 1603 num
1357 1532 1510 1628 (28)
1577 1535 2004 1626 existimare
2073 1559 2499 1632 possumus.
2574 1571 2678 1589 —
2727 1537 3011 1606 Verum
3049 1587 3070 1619 ,
3158 1557 3255 1606 ne
3303 1560 3507 1606 unus
3558 1549 3634 1606 et
3687 1535 3893 1608 solus
3952 1534 4487 1623 Philodemus,

1086 1655 1500 1751 Epicureus
1551 1658 1964 1747 recentior,
2022 1657 2221 1729 nihil
2266 1655 2588 1756 probare
2627 1659 2709 1728 in
2754 1656 3010 1728 caussa
3059 1656 3318 1729 nostra
3362 1656 3749 1746 videatur,
3804 1659 4193 1755 antiquius
4243 1681 4489 1728 exem·

1083 1771 1303 1873 plum
1349 1773 1771 1850 adferamus
1825 1803 1917 1850 ex
1976 1781 2141 1875 ipso
2200 1782 2505 1876 Epicuri
2555 1779 2830 1867 horto,
2885 1802 2975 1848 ex
3015 1781 3197 1876 ipsis
3239 1783 3704 1850 sanctissimi
3766 1777 3994 1852 Senis
4057 1781 4274 1852 sociis
4306 1833 4326 1867 ,
4386 1819 4490 1836 —

1004 1935 1011 1942 ·
1082 1894 1629 1989 Idomeneum,
1681 1914 1910 1997 puta,
1963 1903 2600 1997 Lampsacenum,
2656 1899 2871 1995 cujus
2917 1903 3170 1973 omnis
3219 1900 3432 1972 labor
3479 1902 3561 1971 in
3612 1899 4055 1973 celebranda
4101 1901 4488 1998 voluptate

1076 2020 1421 2092 Venere&
1463 2022 1571 2120 sic
1623 2036 1958 2093 versatus
2015 2019 2351 2108 videtur,
2404 2036 2493 2092 ut
2552 2045 2893 2091 summos
2946 2047 3036 2091 ex
3085 2024 3560 2115 Antiquitate
3601 2023 3802 2090 viros
3860 2019 3971 2089 illi
4025 2020 4424 2091 indulsisse
4456 2075 4478 2109 ,

1076 2141 1215 2237 περὶ
1266 2141 1358 2216 τὰ
1401 2141 1750 2246 ἀφρορἵσιω
1802 2139 2156 2226 &maciem
2220 2139 2443 2211 fuisse
2476 2195 2496 2226 ,
2582 2153 2932 2235 totosque
3000 2165 3077 2211 se
3123 2133 3445 2238 'inclytis
3493 2163 3592 2211 an
3643 2137 3948 2213 famosis
4002 2143 4265 2214 scortis
4345 2156 4484 2214 tra-

1078 2262 1348 2336 didisse
1393 2263 1944 2336 demonstraret
1994 2263 2174 2356 (29).
2278 2258 2661 2332 Addamus
2702 2261 3115 2334 Idomeneo
3170 2259 3480 2336 fratrem
3535 2260 3868 2336 adfinem
3914 2261 4479 2358 Metrodorum,

1075 2387 1198 2458 cui
1250 2387 1588 2457 virorum
1636 2382 1802 2481 pari
1861 2382 2234 2476 Epicurus
2285 2371 2721 2446 adsentatus
2769 2375 3090 2464 dicitur,

1846 2536 2038 2638 resp>
2085 2533 2500 2640 χαριζόμενος
2514 2584 2543 2628 2
2590 2538 2703 2626 vic
2751 2538 2824 2612 οὐ
2868 2534 3297 2638 Μαυρῶτερσν
3342 2536 3549 2618 αὐδά·
3605 2539 3764 2640 (30)

4133 2717 4478 2816 Namque

1147 2982 1278 3067 (2⁸)
1317 2984 1589 3066 Triginta
1638 2994 1699 3044 et
1750 3004 1939 3045 unum
1993 2980 2321 3045 Philode-mi
2366 2978 2803 3061 Epigrammata
2830 3027 2848 3057 ,
2910 2995 3082 3046 antea
3121 2985 3246 3063 jam
3294 2985 3492 3057 edita,
3528 2985 3777 3061 junctim
3827 2981 4061 3058 repetiit
4123 2981 4473 3040 Benacum

1348 3089 1640 3151 Analect.
1682 3092 1852 3149 Tom.
1899 3092 1978 3148 11.
2021 3108 2159 3167 pag.
2207 3088 2305 3146 83.
2346 3108 2503 3165 seqq.
2547 3109 2801 3166 quorum
2849 3092 3018 3165 plura
3054 3093 3153 3149 ica
3169 3090 3413 3163 festiva
3452 3101 3640 3156 sunt,
3663 3089 3768 3143 ita
3798 3086 4111 3143 concinna
4129 3129 4155 3156 ,
4200 3087 4299 3144 ita
4342 3086 4473 3146 ele·

1342 3197 1578 3275 gaucia
1599 3239 1626 3268 ,
1684 3194 1858 3254 nihil
1908 3208 1981 3254 ue
2021 3193 2188 3272 fieri
2234 3197 2442 3271 possit
2484 3184 2798 3266 argutius.
2879 3192 3203 3246 Crono-ms
3243 3190 3316 3246 de
3364 3190 3686 3246 Philodemi
3726 3190 4015 3248 Poematis
4051 3192 4343 3264 judicium
4386 3205 4474 3253 est

1344 3302 1387 3359 1.
1422 3300 1581 3357 laud.
1626 3300 1728 3358 sed
1774 3300 1933 3356 haud
1971 3299 2164 3352 minus
2201 3310 2373 3350 verax
2399 3291 2659 3367 ejusdem
2696 3290 3125 3362 testimonium,
3166 3290 3558 3369 Philosopho
3593 3309 3676 3345 ea
3717 3308 3849 3348 esse
3886 3278 4158 3369 1⁸11an
4181 3338 4208 3367 ‚
4247 3298 4471 3377 siqui..

1347 3400 1496 3461 ἄστη
1544 3398 1957 3481 Philosophia
2012 3398 2275 3456 virtutis
2305 3398 2590 3455 concinet
2604 3440 2629 3468 ,
2668 3409 2738 3454 ee
2775 3393 2984 3471 officii
3003 3435 3032 3463 ,
3072 3406 3140 3450 et
3181 3392 3338 3452 bene
3389 3390 3653 3451 vivendi
3689 3390 4120 3473 dzlsczplinam.
4199 3401 4275 3456 Et
4316 3413 4471 3459 oet-te

1347 3506 1719 3567 Philodemus
1754 3508 1863 3564 iste
1877 3547 1897 3575 ,
1936 3506 2007 3566 1..
2036 3503 2263 3562 Pisonis
2303 3511 2627 3559 assentator
2648 3541 2667 3570 ,
2707 3499 3136 3577 impurissimo
3173 3499 3707 3577 intemperantiae
3740 3518 3932 3557 coeno
3968 3515 4036 3563 ee
4070 3501 4361 3561 sordibus
4397 3520 4471 3563 so

1342 3613 1709 3693 inquinavit
1713 3655 1740 3684 ,
1780 3612 1885 3690 qui
1916 3630 2036 3669 non
2080 3611 2369 3667 Venerem
2400 3617 2659 3674 tantum,
2701 3614 2944 3661 naturae
2981 3604 3286 3662 hominum
3325 3605 3749 3681 brutorumque
3790 3616 4233 3665 consentaneam
4253 3647 4272 3676 ‚
4312 3607 4465 3664 cele-

1346 3716 1582 3790 bravit,
1640 3717 1743 3777 sed
1805 3717 2105 3799 inffandam
2151 3731 2386 3791 quoque
2431 3724 2489 3770 et
2539 3710 2822 3767 nefariam
2847 3752 2874 3779 ,
2917 3709 3001 3766 ita
3043 3723 3110 3767 ut
3150 3715 3191 3746 ‘⁸
3230 3710 3506 3769 Pisonem
3540 3710 4064 3779 adolescentulum,
4105 3728 4243 3768 suae
4286 3700 4462 3767 disci-

1344 3863 1390 3896 „
1430 3823 1623 3900 plinae
1662 3840 1700 3880 ι
1739 3823 1922 3880 Lucio
1960 3833 2125 3899 patre
2159 3820 2472 3891 traditum,
2509 3815 2897 3890 παιδεριςικῦς
2934 3816 3009 3871 sit
3054 3816 3357 3871 adlocutus
3381 3815 3413 3836 ’⁹
3469 3813 3897 3889 Epigrammate
3945 3813 4239 3887 quodam,
4298 3814 4461 3890 quod

1347 3945 1483 3983 cum
1528 3928 1746 3991 altero,
1803 3927 2022 3998 pariter
2072 3923 2375 3994 ἅκκδότῳ,
2446 3925 2709 3995 ejusdem
2758 3920 3079 3979 Philodemi
3105 3960 3124 3989 ,
3186 3916 3496 3975 ediderunt
3533 3918 3887 3975 Acsnzincr
3927 3917 4462 3977 Hucuunmtsts.

1348 4028 1431 4085 fli
1473 4028 1629 4083 enim
1656 4065 1674 4093 ,
1716 4041 1850 4078 cum
1898 4025 2463 4084 Herculanensium
2515 4025 2594 4087 V
2587 4025 2938 4084 aluminum
2957 4069 2983 4096 ,
3049 4042 3218 4104 quae
3261 4034 3597 4102 supersunt
3617 4066 3642 4094 ,
3694 4023 3883 4079 Temo
3926 4022 3979 4082 1.
4035 4021 4276 4080 ederent
4321 4025 4465 4082 Fra·

1350 4140 1588 4205 gments
1641 4126 1953 4185 Librorum
2002 4132 2108 4192 IV.
2188 4134 2532 4190 Ριιιουιιι
2579 4129 2663 4189 de
2705 4128 3009 4201 Musicci,
3075 4149 3146 4186 ex
3208 4130 3735 4186 Herculanenslbus
3800 4126 4113 4185 ruderibus
4166 4141 4360 4199 eruta,
4399 4130 4466 4187 iu

1346 4222 1812 4311 prolegomenis
1848 4253 1951 4292 seu
1984 4234 2395 4314 Praefaeione
2432 4238 2512 4296 ad
2559 4239 2829 4295 Lectores
2849 4277 2867 4304 ,
2909 4237 2982 4292 de
3021 4232 3311 4311 Epicureo
3343 4235 3455 4291 hoc
3493 4233 3662 4293 suevi
3703 4232 3938 4292 bomine
3971 4233 4290 4311 studiisque
4327 4252 4466 4309 per-

1346 4337 1535 4416 polito
1560 4379 1578 4410 ,
1617 4338 1720 4397 sed
1765 4338 2075 4399 libidinoso
2110 4383 2127 4411 ,
2191 4343 2296 4417 qui
2340 4340 2667 4402 adulteria
2713 4337 3188 4400 delicatissimas
3233 4337 3518 4397 versibus
3569 4339 3926 4418 exprimere
3979 4334 4228 4395 solebat
4245 4378 4272 4407 ‚
4339 4348 4461 4395 tam

1344 4442 1514 4501 docte
1540 4485 1559 4515 ,
1601 4456 1722 4503 tam
1762 4447 1993 4523 copiose
2018 4488 2037 4519 ‚
2076 4446 2354 4525 (laudatis
2392 4449 2569 4505 etiam
2618 4446 2947 4523 prioribus,
2989 4446 3096 4521 qui
3143 4446 3216 4503 de
3272 4464 3342 4501 eo
3387 4455 3626 4522 egerant
3648 4444 3690 4522 ,)
3745 4456 3863 4501 tam
3904 4440 4155 4497 dilucide
4205 4440 4458 4517 denique

1348 4548 1756 4626 disputarunt,
1795 4565 1864 4610 ut
1900 4573 1975 4611 ne
2006 4552 2251 4611 verbum
2280 4552 2517 4628 quidem
2551 4552 2622 4609 de
2657 4552 2768 4609 hoc
2799 4550 3032 4608 homine
3064 4549 3248 4626 (quod
3281 4562 3415 4608 ante
3449 4550 3637 4608 visum
3679 4543 4239 4629 Herculanea-»ium
4275 4547 4461 4604 Volu-

1348 4669 1485 4711 men
1516 4657 1710 4715 animo
1754 4657 2201 4735 destinaveram)
2243 4676 2423 4735 porro
2464 4657 2799 4715 addendum
2835 4655 3124 4718 videatur.

1152 4755 1281 4838 (¹9)
1316 4756 1407 4815 De
1450 4758 1854 4835 Philosophico
1885 4760 2000 4817 hoc
2032 4775 2091 4819 et
2114 4781 2430 4840 senequem
2461 4763 2762 4838 praeclaro
2794 4760 3090 4820 scribendi
3122 4776 3331 4836 genere
3352 4800 3370 4828 ,
3409 4778 3530 4836 quo
3561 4756 3903 4816 Idomeneus
3935 4773 3995 4814 se
4020 4754 4264 4832 posteris
4300 4772 4458 4813 com-

1348 4863 1679 4934 meudun,
1719 4864 1839 4922 vid.
1888 4868 2277 4927 Ατιῐιιυιυιι
2301 4869 2434 4929 Lib.
2470 4870 2641 4926 xm.
2675 4886 2812 4944 pag.
2853 4866 2984 4942 59⁰·
3023 4886 3082 4922 n.
3117 4882 3251 4940 pag.
3289 4862 3424 4941 59²·
3467 4884 3521 4925 r.

1148 4965 1279 5047 (3ο)
1316 4968 1579 5031 Timonis
1624 4970 1978 5051 sillographi
2016 4991 2217 5034 versus
2261 4986 2386 5047 est,
2427 4990 2604 5051 quem
2634 4974 2743 5034 bac
2780 4974 2854 5033 de
2879 4970 3153 5030 readsert
3188 4971 3561 5031 Annuus
3599 4968 3734 5028 Lib.
3771 4968 3908 5027 vn.
3951 4982 4088 5045 pag.
4135 4981 4265 5042 279.
4304 4981 4365 5023 r·
