5038 5975
1067 478 1164 555 ὦ
1386 429 1394 437 ’
1860 446 3620 551 LEcT1oNAEs'ATT10An

688 698 909 758 steno
959 699 1010 758 1.
1069 690 1403 751 moratos
1473 674 1757 773 pariter
1836 671 2222 745 Athenaeo
2255 725 2277 761 ,
2358 673 2479 745 cui
2562 669 2820 744 locum
2900 667 3279 742 Plutarchi
3353 667 3578 745 fuisse
3660 671 4136 749 obversatum
4183 730 4207 770 ,
4285 703 4462 756 nou

767 779 825 852 §-
877 787 933 850 4·
1071 820 1319 879 unum
1384 812 1495 871 est
1546 794 1913 868 indicium
1961 850 1981 884 ,
2064 793 2141 867 id
2196 796 2422 866 etiam
2484 792 2697 893 quod
2755 790 3229 866 Callisthenis
3289 817 3573 865 nomen
3606 849 3628 883 ,
3706 794 4099 871 aberrante
4163 780 4460 897 oculo,

1069 924 1252 997 dum
1313 919 1799 993 Plutarchum
1870 918 2146 1015 legeret
2175 970 2196 1007 ,
2270 942 2360 986 ex
2418 918 2859 1018 propinquo
2927 912 3330 1015 arripuerit
3362 971 3384 1005 ,
3454 931 3531 988 et
3592 938 3764 989 cum
3821 918 4131 1018 reliquis
4191 936 4460 999 testem

1062 1046 1318 1119 fecerit
1377 1044 1536 1140 ejus
1595 1044 1755 1129 rei,
1810 1040 1902 1111 de
1967 1064 2117 1139 qua
2182 1037 2723 1111 Callisthenem
2776 1036 3168 1136 quidpiam
3228 1041 3635 1110 memoriae
3684 1040 4100 1137 prodidisse
4151 1052 4466 1123 caeteris

1051 1169 1284 1269 plane
1349 1180 1458 1238 est
1525 1163 1957 1250 indictum;
2042 1158 2414 1235 indictum
2468 1175 2722 1233 autem
2787 1180 2947 1231 non
3008 1158 3310 1251 fuisset,
3383 1164 3446 1235 si
3528 1189 3703 1236 cum
3763 1164 3925 1236 aliis
3976 1172 4229 1242 Sectae
4280 1197 4466 1246 suae

1062 1287 1533 1387 Philosophis
1575 1289 1656 1356 in
1703 1288 1919 1356 istam
1962 1284 2475 1355 narrationem
2522 1282 3016 1357 Callisthenes
3050 1287 3576 1358 consensisset:
3631 1289 4157 1386 Quapropter,
4214 1318 4462 1391 quum

1008 1415 1497 1508 -conjectura
1570 1407 1752 1479 haec
1830 1412 2315 1479 Mannum*
2391 1405 2497 1503 (3)
2567 1404 2979 1479 admodum
3049 1405 3463 1506 probabilis
3529 1423 3605 1481 et
3674 1422 3975 1483 tantum
4042 1436 4202 1487 non
4256 1432 4460 1490 certa

1008 1588 1017 1599 .
1062 1534 1252 1605 mihi
1306 1530 1649 1603 videatur
1685 1582 1705 1616 ‚
1788 1527 2323 1599 Callisthenem
2356 1581 2377 1615 ,
2457 1529 2768 1626 quando
2827 1529 3300 1631 reliquorum
3367 1532 3672 1625 testium
3739 1528 3926 1604 sides
3975 1531 4070 1603 ad
4137 1560 4459 1613 examen

1059 1654 1451 1729 vocabitur
1492 1706 1515 1744 ,
1592 1651 1894 1723 silentio
1966 1649 2548 1747 praeteribimus
2577 1703 2599 1739 ‚
2679 1665 2755 1723 et
2815 1646 3334 1751 quodcunque
3419 1651 3566 1724 hac
3619 1654 3726 1723 ·in
3789 1666 4003 1752 parte
4059 1674 4454 1754 peccatum

1063 1793 1173 1852 est
1204 1832 1225 1868 ,
1280 1776 1482 1849 illius
1542 1773 1963 1845 calumniae
2029 1775 2365 1871 primum
2430 1787 2506 1843 et
2546 1775 3039 1872 praecipuum
3115 1787 3499 1847 auctorem
3563 1772 3926 1872 ᾼᾍοςὸξωμ
3988 1779 4099 1857 ,ἦν
4141 1784 4468 1863 Move-„Q

1064 1928 1157 1975 ex
1222 1898 1507 1999 cyrillo
1568 1910 1644 1968 et
1710 1894 2181 1967 Theodoreto
2245 1896 2558 1993 Cyrensi
2622 1895 3213 1969 monstrabimus
3241 1950 3264 1986 ,
3330 1898 3618 1996 quippe
3693 1903 3830 1997 qui
3895 1905 4400 2004 porphyrium
4429 1964 4464 1999 θ

1067 2047 1297 2123 quem
1352 2023 1496 2122 ipsi
1563 2031 1993 2119 sequuntur
2032 2072 2053 2109 ‚
2134 2043 2297 2090 non
2360 2016 2507 2093 alio
2575 2019 2724 2093 nisi
2789 2020 3258 2117 Aristoxeno⁸
3299 2034 3604 2097 auctore
3664 2046 3890 2099 usum
3927 2078 3946 2115 ,
4025 2025 4473 2127 planissime

1068 2158 1479 2222 testentur.

763 2328 820 2405 §-
873 2325 929 2384 5·

640 2424 981 2488 Damasus
1453 2402 1501 2497 ς
1511 2455 1527 2471 ·
1578 2404 1671 2474 V·
1734 2396 2153 2472 Dis-tensus
2194 2394 2642 2473 Attacorum
2688 2396 2774 2468 fn
2821 2396 2991 2498 ipsd
3039 2419 3126 2471 re
3169 2395 3591 2478 narr-anda·
3632 2398 4088 2501 exponitur.-

643 2507 722 2566 A
723 2520 1010 2603 actos-um

637 2602 1002 2664 exponunt.

1158 2671 1288 2744 Uti
1355 2680 1607 2742 autem
1672 2668 1755 2738 in
1827 2664 1977 2740 hac
2032 2663 2290 2739 nostra
2350 2664 2608 2741 caussa
2669 2662 2869 2740 nihil
2923 2669 3184 2741 minus
3239 2678 3534 2740 certum
3624 2681 3734 2741 est
3790 2680 3867 2738 et
3939 2669 4102 2739 sine
4168 2666 4400 2741 dubio
4433 2721 4468 2757 r

1061 2817 1291 2892 quam
1348 2789 1764 2865 Aristotelis
1815 2790 2220 2862 auctoritas
2250 2842 2273 2879 ,
2326 2813 2481 2886 qua
2537 2803 2792 2861 tamen
2841 2793 3168 2861 maxime
3220 2791 3588 2861 nituntur
3638 2791 4094 2863 recentiores
4135 2790 4468 2862 Fabulae

1054 2915 1405 3005 Patroni,
1459 2915 1567 2986 sic
1620 2915 1701 2986 in
1754 2914 1916 3012 ipso
1966 2908 2165 2984 facto
2220 2907 2619 2982 referendo
2669 2913 3046 2982 contrarie
3092 2912 3369 3008 scripta
3424 2926 3499 2980 et
3548 2908 3916 2980 discordia
3973 2912 4472 3005 reperiuntur

1052 3040 1365 3112 omnia:
1420 3041 1613 3110 Nam
1677 3038 2065 3134 primum,
2119 3032 2431 3128 quando
2482 3031 2609 3100 hic
2653 3031 3076 3123 legitimum
3131 3032 3533 3123 utriusque
3589 3025 3914 3099 feminae
3964 3028 4228 3101 eodem
4269 3044 4472 3102 tem-

1044 3185 1233 3263 pore
1301 3157 1531 3232 fuisse
1601 3153 2181 3226 matrimonium
2245 3145 2686 3234 contendit,
2754 3147 2946 3218 alter
3011 3171 3256 3218 unam
3320 3161 3492 3244 post
3552 3146 3858 3223 alterius
3939 3167 4265 3225 mortem
4329 3152 4468 3224 du·

1040 3300 1237 3357 ctam
1296 3277 1698 3351 adfirmat.
1754 3273 1964 3345 Alter
2026 3269 2380 3368 deinceps
2432 3270 2928 3367 posteriorem
2986 3294 3147 3340 non
3190 3271 3432 3367 justae
3469 3274 3726 3350 uxoris
3781 3272 3911 3347 sed
3947 3275 4240 3374 pellicis
4289 3275 4466 3352 loco

956 3439 961 3446 ·
1037 3403 1265 3475 fuisse
1314 3398 1587 3487 tradit,
1620 3395 1982 3492 illamque
2030 3391 2383 3499 pellpem
2422 3391 2550 3463 hic
2588 3392 2844 3490 Myrto
2888 3406 3143 3478 vocat,
3198 3393 3325 3464 ille
3373 3395 3908 3494 Xanthippen.
4002 3399 4470 3496 Legitimum

1041 3535 1308 3596 eontra
1361 3521 1759 3619 utriusque
1832 3515 2101 3589 eodem
2160 3527 2501 3615 tempore
2553 3510 2779 3585 fuisse
2849 3513 3348 3612 conjugium,
3401 3517 3911 3617 Hieronymus
3960 3518 4304 3591 Rhodius
4349 3522 4468 3590 sic

1035 3645 1542 3732 adseveravit,
1602 3656 1692 3718 ut
1727 3639 2351 3729 Atheniensium,
2404 3661 2568 3738 quo
2609 3633 2690 3707 id
2735 3634 3070 3729 licuerit,
3121 3637 3434 3711 scilicet!
3467 3638 3872 3739 protulerit
3906 3643 4338 3714 Decretum.
4368 3677 4468 3694 —

1039 3765 1525 3859 Aristoteles,
1576 3791 1706 3842 seu
1764 3765 1905 3862 nvp>
1930 3765 2256 3864 Εύγοείας
2315 3763 2710 3859 Scriptor,
2762 3784 3055 3850 unam,
3111 3761 3342 3835 altera
3403 3761 3757 3852 mortua,
3810 3765 4098 3834 Socrati
4144 3761 4456 3835 demum

1043 3895 1433 3992 nupsisse,
1489 3889 1911 3965 secundum
1976 3891 2394 3982 Diogenem
2454 3881 2893 3968 Laeui-tium,
2965 3875 3176 3958 testis
3235 3898 3400 3959 est:
3472 3883 3802 3956 Alteram
3847 3879 4142 3980 justam
4201 3887 4464 3982 conju·

1044 4025 1214 4114 gem
1250 4068 1271 4103 ,
1347 4012 1657 4086 alteram
1719 3997 2071 4107 pellicem
2122 4003 2353 4077 fuisse
2380 4054 2403 4091 ‚
2478 4000 2574 4073 ad
2637 4017 2977 4102 posteros
3040 4009 3484 4108 propagavit
3556 4009 4042 4080 Aristoxenus
4099 4021 4238 4099 et,
4296 4011 4470 4080 Ari-

1057 4150 1375 4210 stoxeno
1437 4144 1793 4217 auctore,
1867 4125 2393 4226 Porphyrius3
2474 4127 2578 4199 ita
2638 4126 2949 4226 quidem
3010 4144 3100 4201 ut
3166 4136 3418 4231 Myrto
3474 4130 3802 4230 legitima
3852 4132 4131 4229 conjux
4167 4185 4187 4220 ,
4256 4136 4458 4202 ‘Xan-

1059 4256 1325 4352 thippe
1374 4248 1841 4322 clandestina
1895 4249 2143 4350 pellex
2204 4247 2432 4322 fuerit
2471 4264 2548 4320 et
2603 4249 2811 4322 velut
2875 4253 3354 4343 concubina;
3424 4294 3563 4311 --
3625 4252 3736 4330 δύο
3796 4252 3876 4332 δὲ
3922 4266 4117 4359 σχεῖν
4158 4264 4474 4354 ww-

1055 4376 1206 4474 ἄμα
1239 4426 1267 4468 ,
1345 4372 1697 4466 sveina-m
1745 4375 1865 4470 μὲν
1919 4384 2161 4451 τοῦτο
2187 4424 2217 4466 ,
2280 4372 2389 4448 καὶ
2450 4372 2787 4472 somnam
2841 4400 2971 4458 πως
2999 4425 3028 4469 ,
3086 4376 3336 4475 Μυρτὼ·
3395 4377 3474 4456 at
3535 4377 3861 4479 Α’ριςείὸου
3923 4374 4282 4475 θυγατριὸὶρ
4341 4384 4470 4449 τοῦ·

1050 4500 1497 4605 Λυσιμάχου·
1536 4503 1658 4580 xa>
1693 4499 1802 4594 τὶν
1848 4501 1968 4600 μὲν
2013 4498 2364 4590 snos-m
2412 4511 2899 4599 veen-mrem
2941 4503 3046 4600 (4)
3110 4500 3362 4600 ms,
3411 4540 3517 4560 --
3561 4504 3670 4596 viv
3704 4499 4051 4596 amum
4081 4495 4322 4599 ,γάμμ-
4357 4535 4470 4556 -·-

1122 4690 1218 4770 (3)
1258 4689 1587 4752 Dtaeribos
1628 4691 1714 4753 de
1746 4691 2193 4768 Aristoxeno,
2233 4715 2370 4777 pag.
2411 4698 2512 4758 86.

1122 4798 1210 4878 (4)
1251 4801 1403 4859 Cum
1440 4799 1601 4875 apud
1645 4798 2083 4860 Theodoretum
2119 4821 2229 4878 pro
2269 4805 2377 4862 ista
2425 4806 2701 4877 lectione,
2743 4823 2923 4883 quam
2962 4808 3213 4886 Cyrinus
3251 4805 3459 4877 habet,
3500 4803 3731 4879 legatur
3766 4797 4205 4877 προοπλικὸσω
4228 4799 4466 4875 meru..
4489 4778 4510 4790 ⁸

1341 4905 1393 4968 1.
1435 4905 1521 4962 M.
1565 4904 1878 4963 Gnatam
1919 4907 1982 4963 in
2021 4905 2252 4966 Sancto
2290 4906 2567 4970 paedor.
2611 4911 2670 4987 §
2714 4917 2810 4980 4¹·
2853 4913 3190 4986 existimat,
3228 4911 3456 4969 diversa
3498 4921 3558 4966 et
3598 4908 3758 4968 hunc
3805 4921 3867 4968 et
3909 4912 4072 4968 illum
4117 4907 4456 4966 tradidisse·

1326 5009 1477 5069 mihi
1515 5009 1755 5087 quidem
1809 5012 2039 5068 nullum
2087 5024 2175 5074 est
2222 5014 2468 5074 dubium
2489 5055 2517 5089 ,
2573 5015 2722 5097 quin
2765 5019 3055 5106 posterius
3098 5037 3174 5081 ex
3223 5015 3411 5098 priori
3451 5027 3798 5102 corruptum
3841 5026 3901 5075 et
3937 5012 4340 5078 'theodoretus
4378 5028 4464 5068 ex

1333 5112 1552 5193 cyrino
1583 5115 1659 5177 sit
1704 5116 2121 5202 corrigendus.
3133 5145 3142 5154 ·
