5038 5975
1306 463 3212 571 nsn1cxn1xsocaar1a
3831 481 3977 590 ὥς

582 696 1042 780 AElianum,
1102 687 1427 766 aliumve
1487 719 1529 766 e
1575 692 2002 766 Gentilibus
2064 693 2524 792 Scriptorem
2570 719 2610 779 ,·
2668 712 2798 761 seu
2854 686 3057 789 apud
3107 687 3625 762 Christianum
3675 689 3968 762 Patrem
4039 663 4364 820 εῑξζοέῐ·

583 820 916 917 aliquem
976 818 1479 889 inveniuntur
1520 817 1554 887 ἱ)
1621 821 1738 888 An
1798 819 2119 892 virtutes
2177 816 2502 889 Socratis
2561 811 2966 887 celebrasse
3024 838 3065 885 a
3116 835 3510 912 quoquam
3562 808 3980 888 hominum

582 939 1083 1039 perhibetur?
1129 978 1259 998 --·
1329 945 1388 1011 A
1439 940 1749 1011 nemine
1797 936 2274 1011 mortalium!
2343 975 2456 994 -·
2527 939 2619 1007 Et
2669 937 2787 1026 is‘‚
2853 938 2988 1034 qui
3052 949 3170 1010 tot
3228 949 3303 1007 et
3368 945 3577 1006 tanta
3652 930 3746 1004 de
3809 958 3972 1006 uno

585 1064 774 1134 Viro
823 1077 1181 1160 congerat
1227 1059 1641 1161 opprobria
1699 1059 2233 1150 et²dedecora,
2290 1061 2678 1160 quemque
2727 1083 3106 1157 nusquam
3171 1057 3420 1158 pateat
3473 1054 3593 1128 v'el
3654 1054 3974 1128 verbum

589 1182 685 1258 'ad
744 1184 1079 1284 ejusdem
1124 1185 1287 1257 Viri
1334 1182 1974 1283 praedicationem
2034 1184 2269 1256 literis
2319 1185 2838 1281 consignasse,
2888 1184 2950 1253 is
2983 1182 3329 1267 mediam
3377 1181 3601 1254 viam
3644 1181 3974 1252 tenuisse

587 1306 925 1380 dicatur!
982 1310 1161 1380 Sine
1216 1303 1505 1380 invidia
1562 1320 1694 1377 aut
1755 1304 1931 1377 odio
1989 1307 2367 1406 scripsisse
2412 1307 2477 1378 is
2526 1319 2843 1403 putetur
2877 1359 2899 1393 ,
2973 1306 3108 1404 qui
3159 1319 3430 1377 cuncta
3479 1300 3977 1379 cumulaverit

587 1431 803 1502 vitia
812 1482 835 1518 ,
912 1427 1101 1500 boni
1166 1433 1426 1500 autem
1499 1426 1845 1500 retulerit
1914 1427 2174 1502 nihili
2268 1467 2408 1486 --
2472 1428 2708 1525 Atqui
2780 1407 2998 1499 dictis
3067 1425 3409 1526 adjungit
3490 1435 3968 1512 Manmus,
4030 1399 4038 1409 ¹

591 1555 649 1596 ‘⁴
700 1553 1283 1642 Aristoxenum,
1333 1551 1418 1621 in
1475 1546 1968 1637 describenda
2021 1547 2372 1624 Socratis
2433 1548 2679 1642 Vini,
2733 1565 2884 1624 tam
2941 1550 3320 1646 vit-cutum
3377 1552 3537 1649 ejus
3581 1573 3813 1649 quam
3861 1552 3980 1620 w·-

589 1724 651 1765 η
703 1675 987 1746 donem
1040 1676 1515 1746 mentionem
1560 1668 1904 1745 fecissc.’'.
2008 1675 2342 1764 Locum,
2396 1673 2532 1746 ubi
2580 1671 2836 1747 fecisse
2878 1674 3341 1774 reperiatur,
3393 1671 3732 1748 desidero
3774 1674 3980 1744 z‘Te·
4047 1681 4051 1685 ’

588 1809 784 1869 stem
833 1796 1187 1893 requiro:
1241 1793 1515 1870 Nullus
1554 1793 1705 1869 esti
1762 1833 1850 1853 --
1940 1797 2037 1874 Et
2090 1822 2270 1870 vero
2312 1799 2475 1870 sine
2516 1799 3011 1889 auctoritate,
3086 1800 3248 1871 sine
3289 1795 3764 1884 testimonio,
3817 1794 3982 1890 opi·

591 1918 833 1990 nione
892 1928 1196 1990 tantum
1265 1916 1520 2016 aliqua
1591 1931 1667 1987 et
1722 1915 2254 1991 adfirmatione
2319 1944 2438 1993 res
2492 1917 2953 1993 conficitur:
3026 1925 3227 1992 Haec
3299 1921 3508 1993 enim
3577 1912 3980 1988 Diam-ibes

583 2037 1176 2113 {Aristomenem
1239 2054 1425 2113 sunt
1475 2023 1724 2111 verba.
1838 2043 1894 2082 “
1920 2129 1929 2140 .
1958 2037 2184 2129 Quod
2218 2041 2283 2112 si
2336 2065 2516 2114 vero
2555 2042 2728 2138 quis
2771 2046 3093 2120 miretur
3124 2097 3144 2131 ,
3201 2067 3339 2115 cur
3375 2041 3548 2114 talia
3583 2039 3677 2113 de
3725 2044 3982 2112 Socra-

590 2211 645 2253 „
674 2153 779 2231 ‘te
812 2162 1241 2231 Aristoxeni
1277 2174 1571 2232 exstent
1606 2157 1847 2248 dicta,
1898 2163 2149 2253 qualia
2179 2165 2477 2254 pocius,
2528 2200 2634 2224 --
2682 2159 2967 2261 [immo
2996 2171 3160 2237 non
3181 2167 3441 2260 pocius
3489 2161 3621 2238 sed
3660 2167 3986 2236 omnino
4053 2161 4076 2238 ’.

589 2327 652 2379 „
704 2278 1018 2381 quidem
1064 2295 1141 2351 et
1169 2281 1475 2371 pudore
1509 2276 1778 2372 nullo]
1829 2314 1930 2334 —-
1978 2281 2244 2350 cont‘ra
2297 2263 2550 2376 ipsum
2602 2332 2625 2368 ,
2697 2306 2927 2376 quam
2981 2309 3123 2377 pro
3177 2289 3404 2378 ipso-⁸,
3469 2284 3804 2374 valeaut3
3859 2286 3988 2359 hic

594 2454 654 2498 „
705 2406 935 2492 sciat,
988 2401 1444 2500 posteriores
1496 2399 1951 2496 Scriptores,
2010 2397 2290 2498 quibus
2358 2423 2501 2473 nos
2560 2399 2698 2472 has
2763 2402 3121 2499 reliquias
3174 2401 3535 2476 debemus
3578 2457 3600 2494 ,
3674 2432 3790 2479 res
3842 2406 4024 2482 sibi.

593 2542 657 2618 ⁹„
708 2521 1091 2598 inauditas
1127 2574 1149 2612 ,
1216 2534 1292 2594 et
1336 2547 1378 2594 a
1440 2519 1734 2619 vulgari
1794 2521 2207 2596 traditione
2272 2521 2704 2596 recedentes
2737 2578 2758 2616 ‚
2838 2523 3077 2598 literis
3126 2524 3518 2628 mandasse
3558 2581 3581 2617 ,
3645 2527 3992 2625 vulgares

594 2697 657 2747 „
711 2644 1224 2745 omnibusque
1285 2649 1624 2747 cognitas
1684 2646 1841 2722 fere
1894 2646 2200 2723 silentio
2246 2649 2714 2748 praeteriisse
2761 2674 2781 2718 t
2868 2646 3202 2721 Platonis
3274 2664 3660 2747 praeterea
3723 2664 3798 2724 et
3842 2656 3988 2723 Xe-

591 2803 658 2862 „
712 2766 1139 2869 nophontis
1208 2770 1614 2844 consilium
1689 2770 1915 2847 fuisse
1965 2829 1991 2864 ‚
2077 2773 2399 2846 Socratis
2449 2772 2768 2870 'ingenii
2832 2770 3379 2873 doctrinaeque
3453 2778 3993 2872 praestantiam

584 2944 654 2991 ‚‚
710 2895 1010 2993 scriptis
1055 2894 1546 2994 consignare,
1601 2911 1831 2998 atque
1891 2896 2170 2969 idcirco
2222 2912 2388 2970 tum
2453 2894 2764 2970 demum
2820 2899 3055 2970 vitam
3113 2896 3350 2997 ipsius
3399 2899 3769 2997 privatam
3835 2923 3992 2972 me·

588 3039 651 3108 ς,
704 3040 1082 3104 morasse,
1136 3043 1379 3115 quum
1433 3043 1521 3093 ea
1577 3021 1858 3095 valeret
1917 3023 2071 3095 sive
2127 3020 2269 3107 ad,
2303 3023 2462 3120 ejus
2500 3023 3010 3095 constantiam
3051 3020 3539 3125 justitiaeque
3595 3048 3929 3096 amorem
3961 3075 3986 3115 ,

600 3186 656 3228 ‚,
706 3139 858 3208 sive
913 3134 1009 3207 ad
1071 3135 1252 3211 alias
1309 3140 1631 3214 virtutes
1686 3144 2197 3218 declarandas.
2206 3145 2247 3175 ”
2361 3145 2567 3237 Quid
2621 3146 2760 3220 ista
2826 3146 2922 3219 de
2991 3144 3307 3219 Platone
3355 3159 3432 3218 et
3478 3144 3991 3245 Xenophonte

593 3255 694 3330 ad
732 3277 1069 3328 caussam
1129 3269 1470 3339 nostram
1512 3259 1837 3349 faciant,
1891 3263 2017 3333 vix
2063 3269 2238 3336 satis
2292 3269 2708 3362 perspicio:
2760 3268 3357 3365 Xenophontem
3403 3283 3655 3342 autem
3683 3324 3705 3361 ,
3759 3294 3996 3370 quem

592 3403 849 3455 unum
904 3376 1000 3450 de
1053 3380 1356 3457 Socrate
1401 3387 1478 3449 et
1538 3364 2026 3471 Philosophia
2083 3384 2460 3451 Socratica
2517 3383 2965 3478 simpliciter
3017 3413 3104 3463 ac
3159 3414 3335 3463 vere
3377 3394 3755 3489 scripsisse
3806 3397 3997 3468 exis-

593 3506 836 3588 timo,
890 3501 1127 3573 vitam
1178 3498 1503 3572 Socratis
1549 3497 1975 3598 privatam,
2032 3520 2282 3569 mores
2332 3496 2838 3587 domesticos,
2903 3503 3101 3571 dicta
3171 3533 3257 3575 ac
3316 3510 3511 3579 facta
3562 3537 3738 3582 cum
3807 3541 3994 3590 uxo·

598 3650 720 3718 re,
779 3648 959 3698 cum
996 3620 1163 3696 filio
1178 3675 1205 3712 ,
1260 3646 1438 3694 cum
1491 3617 2029 3710 familiaribus,
2085 3644 2261 3692 cum
2320 3618 2486 3693 aliis
2538 3620 2724 3690 item
2781 3615 3267 3709 hominibus,
3346 3627 3453 3696 sic
3521 3626 3994 3726 descripsisse

528 3842 531 3845 Α
599 3751 1004 3837 novimus,
1059 3758 1151 3819 ut
1209 3743 1419 3818 haud
1469 3746 1749 3834 sciam,
1804 3766 1902 3814 an
1950 3743 2210 3817 nullus
2258 3757 2412 3816 tarn
2455 3741 2780 3829 decom,
2859 3755 3010 3814 tam
3076 3742 3417 3842 placido,
3473 3760 3628 3820 tam
3683 3751 3990 3825 amabili

598 3869 828 3946 vultu
877 3866 1107 3969 atque
1154 3865 1424 3939 habitu
1475 3862 1901 3960 descriptus
1948 3864 2226 3955 fuerit,
2280 3890 2512 3967 quam
2571 3889 2615 3936 a
2662 3863 3174 3963 Xenophonte
3229 3891 3370 3940 suo
3419 3868 3836 3970 descriptus
3878 3886 3990 3948 est

605 3997 963 4062 Socrates.
1070 3992 1167 4057 At
1199 4008 1381 4055 vero
1436 4008 1602 4054 non
1653 3982 1886 4077 hujus
1925 3987 2161 4055 vitam
2220 3997 2524 4056 tantum
2586 3989 2961 4081 privatam
3029 4013 3435 4089 moresque
3488 3990 3982 4091 domesticos,

606 4108 943 4185 indolem
1008 4104 1232 4205 pueri
1310 4118 1388 4181 et
1448 4103 1603 4199 viri-
1634 4153 1656 4193 ,
1725 4098 2173 4176 foedissimis
2233 4100 2616 4176 cdloribus
2675 4102 3020 4201 depinxit
3083 4113 3571 4185 Aristoxenus
3621 4168 3642 4203 ‚
3716 4117 3846 4190 sed
3911 4136 3992 4196 et

605 4234 1003 4335 ingenium
1063 4227 1644 4328 doctrinamque
1705 4224 1819 4298 illi
1862 4249 2173 4297 omnem
2230 4226 2577 4322 negavit,
2630 4225 2739 4297 sic
2793 4236 2923 4312 ut,
2979 4227 3045 4300 si
3091 4243 3350 4304 natare
3392 4238 3692 4310 sciverit
3733 4224 4012 4321 Socra-⁸

606 4370 764 4451 tes,
816 4353 1072 4429 literas
1116 4365 1370 4425 tamen
1396 4403 1423 4446 ,
1474 4375 1565 4426 eo
1611 4363 1843 4438 teste,
1900 4348 2356 4449 ignoraverit
2416 4345 2622 4446 (25):
2700 4346 2854 4441 Qui
2912 4363 3169 4429 autem
3222 4351 3508 4433 factum
3565 4374 3678 4436 est
3715 4417 3739 4454 ,
3828 4391 3987 4466 quo

686 4656 818 4741 (ιό)
891 4653 1251 4722 Ἀκίδαντα
1276 4653 1338 4723 ³2
1373 4656 1490 4733 nupt
1527 4655 1741 4727 πέντε.
1787 4654 1861 4728 ὥς
1899 4653 2092 4730 ἇσλῦς
2127 4653 2292 4721 claerl'v
2312 4670 2337 4697 ·
2370 4652 2568 4735 σχὼν
2608 4656 2669 4724 33
2703 4654 2824 4727 οὖδέ
2855 4662 3164 4738 ’‘pinu-ara
3189 4666 3327 4729 πάνυ
3359 4688 3419 4729 τι
3449 4664 3731 4740 &maiae
3761 4691 3798 4732 κ
3837 4692 3891 4733 τ.
3915 4680 3985 4741 κ

860 4781 1035 4875 „³¹¹”
1085 4783 1159 4825 ex
1207 4765 1556 4826 Aristoxeno
1622 4764 1983 4845 Porphyrius
2002 4804 2021 4838 ‚
2072 4782 2150 4827 cx
2204 4768 2532 4850 Porphyrio
2587 4768 2801 4830 habuit
2840 4769 3268 4836 Theodoretus.
3370 4777 3724 4838 Aristoxeno
3789 4779 3945 4841 enim
3958 4820 3983 4865 ⁸

3404 4979 3508 5059 Ll
