5038 5975
1034 393 1217 482 dam
1240 458 1266 499 ,
1323 393 1533 485 illius
1590 397 1681 485 in
1743 399 2011 488 virum
2074 390 2485 506 optimum
2538 398 2982 487 calumniae
3041 400 3539 491 auctoribus.
3655 402 3835 492 Hac
3899 405 4002 491 de
4067 430 4157 493 re
4217 409 4421 515 quid

1033 560 1409 663 sentiret,
1473 581 1655 647 ante
1725 566 1881 649 hos
1937 564 2111 650 fere
2185 563 2415 650 XVI.
2474 560 2734 652 annos
2807 567 3167 651 breviter
3219 588 3302 651 et
3362 570 3830 653 summatim
3879 592 4371 677 exposuerat
4393 635 4424 673 ,

1032 744 1297 828 quum
1330 723 2021 812 Exercitationu'm
2063 704 2722 816 Academia-arum
2772 729 3140 815 Alteram
3177 730 3508 816 Partem·
3538 732 3811 857 ederet
3833 794 3859 834 ,
3906 752 4150 839 atque
4200 759 4436 841 egre·

1026 885 1159 992 gie
1231 886 1486 975 docto
1549 886 1954 996 jamtum
2023 888 2310 999 juveni
2386 891 2710 998 sibique
2786 893 3153 1002 inprimis
3209 915 3397 980 earo
3452 916 3730 1001 ,nmo
3787 919 4001 983 TEN
4072 923 4124 982 B
4150 921 4438 984 ert

1026 1036 1626 1158 disceptandam
1688 1018 1934 1141 daret.
2046 1055 2185 1141 At.
2240 1057 2629 1162 proximo
2714 1079 2929 1143 anno
3006 1055 3455 1144 doctissimi
3535 1054 3732 1141 item
3783 1055 4112 1162 juvenis
4197 1082 4442 1144 cut-

1018 1233 1427 1301 ιιΕιΜι
1501 1238 2179 1305 LEoNnARDI
2257 1241 2704 1322 ΜΛΗΝΕ,
2777 1221 2926 1327 qui
2994 1240 3178 1306 tum
3239 1218 3865 1306 Amstelaedami
3920 1220 4168 1305 literis
4223 1246 4443 1325 ope·-

1023 1388 1195 1463 ram
1250 1378 1523 1482 dabat,
1578 1401 1803 1466 nunc
1858 1380 1944 1467 in
1977 1380 2559 1468 Amisfurtensi
2597 1383 3047 1488 Gymnasio
3086 1383 3413 1469 easdem
3461 1382 3755 1482 docet,
3813 1381 4196 1467 Dt’atribe
4233 1384 4428 1469 exiit

912 1618 915 1627 .
1016 1540 1118 1625 de
1150 1538 1633 1629 Aristoxeno
1653 1604 1682 1648 ,
1740 1543 1827 1627 in
1863 1548 2035 1650 qust
2091 1566 2228 1631 Lu
2248 1569 2301 1630 z
2320 1570 2450 1632 Ac
2477 1570 2508 1631 1
2534 1570 2565 1631 1
2627 1540 3100 1631 sententiam
3143 1545 3227 1629 in
3278 1542 3626 1630 dubium
3659 1544 4125 1647 revocavit,
4187 1544 4430 1651 signi·

1017 1702 1265 1789 ficato
1322 1694 1598 1812 n‘eque
1649 1716 1922 1794 tamen
1982 1707 2403 1795 nominato
2461 1728 2826 1794 auctore.
2943 1706 3171 1793 Huic
3240 1722 3342 1790 ut
3403 1702 3942 1811 responderet
3999 1724 4446 1813 mamque
4525 1742 4544 1755 ·

1016 1870 1493 1957 sententiam
1549 1885 1967 1969 tueretur,
2006 1826 2214 1963 hanc
2277 1870 2951 1974 Disputationem
3003 1869 3362 1955 scribere
3417 1892 3470 1951 L
3497 1890 3770 1953 uzac
3797 1891 3826 1951 1
3852 1891 3964 1950 us
4022 1868 4441 1972 instituit,-

1014 2032 1116 2115 ab
1175 2036 1441 2137 eaque
1513 2030 1922 2121 Lectiones
1992 2030 2318 2117 Atticas
2390 2057 2631 2120 orsus
2689 2053 2836 2120 est.
2896 2032 3128 2117 Haec
3180 2031 3466 2137 igitur,
3525 2050 3772 2135 quam
3827 2028 4143 2117 edimus
4166 2094 4194 2135 ,
4246 2056 4442 2122 nom

1017 2210 1141 2278 est
1176 2190 1332 2277 nisi
1390 2191 1837 2298 particula:
1912 2193 2308 2299 reliquam
2373 2196 2478 2279 de
2507 2195 2716 2307 Jure
2766 2193 3416 2280 connubiorum
3463 2188 4130 2296 Disputationem
4162 2193 4442 2281 absol--

1013 2376 1213 2441 vere
1267 2372 1714 2460 totumque
1786 2355 2175 2463 deinceps
2210 2364 2217 2371 ’
2251 2380 2468 2464 opus
2525 2358 2932 2464 perficere
2988 2379 3143 2445 cur
3203 2356 3279 2440 ei
3335 2376 3510 2440 non
3558 2351 3926 2455 licuerit,
3983 2377 4234 2441 nemo
4297 2376 4428 2443 est

884 2540 891 2549 ·
1010 2518 1160 2621 qui
1223 2540 1398 2606 non
1449 2518 1853 2626 intelligat.
1974 2520 2212 2634 Quin
2278 2521 2523 2606 etiam
2600 2544 2817 2626 quae
2901 2521 3003 2606 ad
3072 2516 3634 2607 elaborandam
3700 2515 4026 2604 alteram
4100 2534 4417 2625 partem

1007 2696 1575 2789 congesserat,
1630 2702 1723 2766 ea
1778 2678 2167 2781 Civitatis·
2201 2638 2630 2769 Leidensis
2651 2742 2679 2782 ,
2719 2681 2889 2787 qua
2930 2678 3115 2784 ipse
3172 2679 3336 2762 fuit
3395 2680 3883 2778 exffinctus,
3954 2679 4425 2784 gravissima

1008 2842 1444 2934 calamitate
1518 2864 1867 2954 prorsus
1946 2838 2241 2959 omnia}
2295 2858 2513 2930 sunt·
2567 2839 2849 2931 deleta.-
2967 2837 3201 2925 Haec
3254 2837 3360 2918 de
3418 2837 3681 2920 Libro
3740 2836 3950 2918 dicta
4005 2860 4312 2925 sunto..

1117 3170 1579 3282 Reliquum
1616 3187 1740 3258 est
1775 3186 1874 3258 ut
1924 3168 2031 3257 de
2065 3190 2204 3255 me
2238 3165 2505 3255 dicam
2527 3228 2556 3272 ,
2606 3166 2845 3255 aede
2889 3167 3093 3255 cura
3114 3227 3140 3268 ,
3185 3185 3436 3270 quam
3469 3178 3608 3253 me
3629 3189 3638 3198 ’
3662 3161 3750 3249 in
3782 3160 4111 3252 edendo
4145 3164 4410 3255 Libro

1005 3336 1472 3421 collocasse·
1502 3337 1928 3442 professus
1988 3357 2220 3421 sum:
2281 3333 2517 3440 quod
2560 3355 2714 3419 cur
2767 3329 2968 3418 mihi
3023 3329 3524 3417 faciendum·
3552 3326 3977 3459 duxerim,
4013 3332 4414 3418 rationem

1009 3495 1357 3584 reddere
1415 3523 2113 3607 supervacaneum
2177 3516 2331 3585 est.·
2469 3494 3030 3604 Ignorantium
3104 3494 3322 3579 enim
3379 3492 3526 3599 qui
3584 3493 3737 3578 sim
3777 3491 3988 3574 scire
4038 3469 4236 3573 nihii
4291 3495 4410 3573 in-

1006 3677 1304 3752 terest:
1384 3663 1531 3772 qui
1595 3689 1846 3771 veroa,
1880 3688 2019 3751 me
2075 3682 2493 3753 noverunt
2565 3686 2660 3746 ac
2737 3658 3141 3747 sentiunt,
3219 3672 3428 3751 quae
3500 3648 3604 3732 sit
3657 3647 3786 3770 vis
3855 3647 4198 3754 pietatis·
4227 3671 4407 3757 erga

1007 3829 1530 3918 carissimum
1572 3809 2209 3925 praeceptorem
2234 3876 2260 3916 ,
2319 3823 2493 3897 hos·
2537 3835 2631 3894 ea
2685 3833 2965 3895 caussa
3016 3809 3265 3895 latere
3321 3806 3633 3932 nequit.
3744 3807 3905 3896 Est
3952 3828 4222 3898 tamen
4274 3810 4407 3896 alis

1011 3990 1217 4096 quid
1279 3989 1387 4070 de
1438 3988 1633 4069 mea·
1696 3985 1951 4087 opera
2010 3973 2452 4062 dicendum
2475 4036 2501 4077 ,
2557 3997 2769 4081 quae
2818 3972 3079 4060 fuerit
3138 3991 3223 4059 et
3283 3972 3586 4078 qualis·
3561 4030 3593 4075 ,
3665 3973 3918 4080 quod
3950 3975 4207 4106 breve
4255 3991 4403 4062 esa

1006 4146 1251 4237 Nihil
1302 4144 1520 4231 enim
1571 4143 1790 4228 aliud
1847 4141 1990 4250 egi
1998 4201 2026 4244 ,
2082 4138 2253 4227 nisi
2292 4136 2619 4249 curavi,
2699 4156 2800 4223 ut
2851 4137 3134 4225 ultima
3183 4136 3573 4244 particula
3632 4138 3870 4245 typis
3910 4093 4403 4228 describere·

1009 4330 1192 4442 tur·
1169 4372 1201 4417 ,
1273 4331 1738 4418 pancorum
1796 4305 2195 4415 Capitum
2272 4303 2694 4392 Elenchos
2776 4303 3148 4390 confeci·
3124 4361 3156 4406 ,
3246 4300 3598 4389 Librum
3670 4301 4046 4409 inscripsi
4133 4325 4192 4386 τ
4209 4325 4265 4384 E
4289 4325 4400 4386 Μ-

1014 4489 1529 4564 Μηῐσκιο.
1647 4473 1936 4561 Unum
2005 4493 2301 4560 eorum
2379 4471 2684 4555 caussa
2727 4451 3193 4553 addendum
3242 4465 3614 4569 videtur,
3672 4467 3834 4570 qui
3869 4485 4010 4547 me
4054 4461 4401 4550 fortasse

774 4651 784 4662 '
1012 4663 1193 4736 non
1246 4638 1436 4728 satis
1514 4635 2078 4749 cognoverint.-
2213 4632 2455 4733 Nam·
2512 4634 2663 4745 qui
2747 4631 3107 4745 posimn
3178 4656 3244 4720 a·
3298 4653 3439 4721 me
3523 4648 3859 4738 operam
3935 4625 4233 4722 viderit
4307 4629 4397 4719 in
