5038 5975
1350 465 1535 547 ns
1651 420 2362 587 creanti
2480 466 3290 563 sonitans,
3924 468 4023 571 4⁷

626 665 1155 771 Lamproclem
1206 663 1356 763 (sic
1413 664 1621 736 enim
1674 666 2411 737 Hausrnnusms
2481 674 2699 734 acute
2751 676 2829 734 et
2883 660 3195 753 feliciter
3247 661 3500 735 locum
3555 662 4024 762 emendavit)
4105 694 4325 757 saeuo
4354 642 4429 759 ᾖ,

624 795 945 891 Megaris
996 788 1093 862 ab
1132 790 1519 887 Aristippo
1563 801 1949 886 repertum
1990 784 2301 859 finxerit
2335 799 2412 857 et
2444 809 2623 858 cum
2659 810 2750 857 eo
2781 782 3240 858 collocutum
3265 838 3287 874 ,
3343 783 3497 856 illic
3532 784 3814 859 scilicet
3867 782 4024 885 quo
4179 777 4238 853 S·
4293 776 4353 835 ⁸·

625 913 947 985 Socratis
993 910 1268 985 liberos
1300 907 1703 983 Aeschines
1746 911 2219 983 invitaverat.
2319 909 2595 1007 Igitur,
2651 907 2944 980 tam‘etsi
2998 932 3248 1008 neque
3281 904 3471 980 fides
3504 904 4028 1008 Epistularum
4337 906 4348 917 ”

626 1033 1219 1108 Socraticorum
1239 1085 1266 1119 ,
1349 1055 1491 1103 nec
1542 1032 1943 1131 scriptoris
1992 1033 2075 1104 in
2137 1030 2501 1130 fingendo
2565 1030 2867 1104 solertia
2928 1028 3141 1103 facile
3196 1043 3464 1103 contra
3521 1034 4026 1104 Bsurtmun

625 1156 929 1231 defendi
995 1168 1322 1256 queant,
1378 1152 1519 1226 hac
1573 1169 1829 1227 tamen
1886 1155 2109 1255 culpa
2140 1210 2160 1244 ‚
2232 1178 2464 1252 quam
2510 1156 2646 1225 Vir
2696 1176 3041 1225 summus
3092 1152 3196 1248 (8)
3251 1154 3524 1224 merito
3568 1151 4031 1224 animadver-

622 1282 718 1353 tit
746 1333 766 1369 ,
823 1277 1254 1352 liberandus
1303 1290 1458 1367 est,
1531 1279 1819 1376 quippe
1871 1277 2065 1376 qua‘e
2132 1300 2293 1350 non
2349 1276 2585 1373 ipsius
2613 1328 2638 1362 ,
2689 1273 2820 1346 sed
2869 1272 3382 1346 Librariorum
3438 1274 3853 1347 aliorumve
3902 1274 4034 1346 ho.

625 1405 928 1475 minum
982 1399 1129 1474 suit
1185 1398 1383 1471 male
1440 1398 1883 1472 sedulorum
1917 1453 1938 1489 ,
1993 1401 2174 1498 qui,
2228 1421 2406 1470 cum
2456 1410 2606 1468 tres
2651 1396 3037 1494 proximae
3090 1394 3464 1495 Epistolae
3497 1394 4029 1493 Xenophontis

624 1536 915 1595 nomen
964 1543 1146 1618 prae
1194 1541 1273 1590 se
1344 1517 1631 1589 ferrent
1657 1570 1678 1606 ,
1748 1519 1933 1590 duas
1982 1523 2207 1591 etiam
2270 1531 2715 1614 sequentes,
2781 1518 3206 1590 vicesimam
3255 1519 3584 1617 primam
3640 1532 3716 1588 et
3771 1540 4031 1588 secun·

623 1643 864 1732 dam,
932 1638 1179 1712 eidem
1234 1635 1674 1711 tribuendas
1727 1641 2294 1727 existimarunt,
2371 1638 2554 1734 quia
2601 1641 2683 1709 in
2731 1637 2874 1708 hac
2908 1637 3015 1735 (9)
3057 1641 3423 1738 scriptum
3477 1637 4026 1738 reperiebatur.

622 1764 809 1844 ἆλλὶι
851 1763 990 1862 περὶ
1037 1757 1406 1858 Σωκράτας
1461 1761 1867 1860 φροντιςέον,
1927 1761 2021 1859 μη
2070 1757 2310 1856 ἑνέμο)
2360 1757 2793 1849 mmmm
2831 1758 2941 1850 πρ
2988 1758 3216 1839 ἐκείνω
3266 1759 3484 1859 dapem
3536 1765 3778 1844 κακῶς
3806 1759 4038 1837 εἶπόνπ

620 1886 687 1968 ὃν
732 1899 868 1970 vok
923 1886 1591 1985 bambanem
1688 1891 1835 1961 Ista
1904 1889 2192 1987 quippe
2244 1880 2872 1981 ἀπομνημονεύματα
2933 1884 3145 1957 nulla
3200 1884 3342 1956 alia
3394 1885 3880 1959 crediderunt
3926 1886 4038 1956 in·
4063 1898 4474 1980 A'mummc

624 2011 860 2112 telligi
903 2036 1158 2111 posse,
1214 2013 1361 2086 nisi
1415 2008 2015 2110 Xenophonteos
2062 2008 2163 2079 de
2210 2006 2431 2079 rebus
2480 2005 2899 2081 Socraticis
2951 2008 3596 2080 Commentarios
3692 2011 3788 2080 At
3816 2030 4037 2097 vero,
4060 1989 4474 2157 ffigclr'g‘ljg..

627 2156 804 2206 cum
851 2132 945 2206 de
1000 2133 1364 2235 Dialogis
1419 2130 1844 2207 Socraticis
1897 2130 2057 2204 illic
2101 2144 2366 2228 agatur
2395 2184 2417 2222 ,
2488 2133 2770 2230 quibus
2832 2132 3044 2205 Plato
3098 2156 3260 2204 nou
3310 2130 3628 2205 Athenis
3683 2145 3982 2202 tantum
4009 2183 4031 2221 ,

624 2254 757 2328 sed
810 2278 949 2354 per
1003 2258 1437 2330 universam
1495 2255 1791 2329 Italiam
1845 2254 2325 2352 Siciliamque
2349 2306 2371 2345 ,
2437 2258 2845 2329 maximam
2908 2253 3051 2327 sibi
3106 2254 3420 2351 gloriam
3486 2255 3979 2354 acquisiverat
4011 2306 4031 2343 ,

627 2400 961 2476 cumque
1022 2378 1297 2451 scribat
1362 2379 1737 2478 Epistolae
1795 2392 2060 2453 auctor
2095 2432 2119 2467 ,
2182 2378 2225 2409 '‘
2267 2401 2344 2450 se
2412 2377 2804 2451 timidumf
2845 2380 3078 2471 magis
3130 2401 3266 2449 sua
3321 2379 3514 2448 tanti
3580 2400 3740 2447 non
3795 2373 4036 2447 facere

634 2544 688 2584 „
742 2499 1016 2592 scripta
1041 2552 1061 2584 ‚
1114 2524 1201 2567 ac
1235 2503 1480 2569 vereri
1522 2525 1621 2569 ne
1663 2498 1985 2569 infantia
2021 2496 2158 2569 sua
2190 2498 2607 2594 quicquam
2646 2496 2741 2569 de
2784 2497 3196 2567 Socraticae
3221 2500 3643 2596 sapientiae
3689 2495 4044 2568 laudibus

635 2664 690 2704 „
743 2613 1111 2687 detereret
1129 2615 1198 2704 ,²³
1251 2614 1446 2686 nihil
1481 2629 1720 2702 vetat,
1775 2639 1931 2712 quo
1970 2619 2228 2689 minus
2266 2618 2451 2689 haec
2493 2619 2590 2689 ad
2629 2617 3074 2690 Aeschinem
3099 2671 3119 2705 ,
3176 2617 3486 2688 Charini
3523 2615 3642 2689 vel
3683 2619 4043 2715 Lysaniae

629 2733 879 2807 filium
902 2790 922 2824 ,
953 2734 1378 2808 referantur
1397 2735 1550 2834 (10)
1569 2790 1588 2826 ,
1618 2735 2247 2834 ἆπμνημονεῦμωνα
2263 2737 2640 2810 dicentem
2659 2738 3008 2834 Dialogos
3027 2790 3047 2824 ,
3073 2737 3528 2809 Alcibiadem
3548 2792 3567 2827 ,
3589 2737 4046 2829 Axiochum,

627 2860 1051 2957 Aspasiam,
1104 2857 1520 2954 Telaugen,
1577 2872 1954 2961 caeteros,
2007 2862 2330 2958 quibuS,
2387 2860 2721 2934 Platonis
2778 2858 3119 2931 aemulus
3146 2914 3166 2949 ,
3219 2863 3667 2932 Socraticam
3717 2859 4049 2960 philosoz

628 2978 918 3080 phandi
954 2977 1434 3076 disciplinam
1479 2979 1572 3051 ad
1613 2996 1955 3079 posteros
1992 3007 2409 3083 propagare
2450 2982 2602 3083 (11)
2639 2981 3096 3055 conabatur:
3138 2986 3269 3072 Et,
3333 3006 3430 3054 ne
3471 2981 3547 3055 id
3586 2983 3678 3056 de
3711 2983 4042 3084 Epistola

631 3103 789 3175 22⁶²
827 3126 1062 3202 aeque
1092 3125 1183 3173 ac
1202 3100 1297 3174 de
1326 3095 1510 3173 ’πω
1537 3116 1819 3177 temere
1855 3105 2275 3201 conjectare
2311 3104 2744 3194 videamur,
2777 3105 2845 3175 ei
2865 3102 3239 3201 Epistolae
3279 3128 3561 3177 nomen
3583 3106 4048 3204 Xenophon·-

630 3227 726 3298 tis
755 3224 848 3296 ad
885 3224 1217 3297 frontem
1251 3223 1457 3298 deest
1486 3229 1567 3297 in
1589 3224 1864 3298 Codice
1887 3224 2463 3301 Helmstadiensi
2488 3282 2509 3318 ,
2534 3229 2638 3299 ita
2677 3240 2766 3298 ut
2807 3224 2899 3297 ad
2939 3225 3048 3303 τὸν
3073 3226 3264 3302 αὐτὸν
3275 3276 3306 3319 ,
3321 3252 3595 3327 nempe
3625 3227 3718 3301 ad
3745 3230 4041 3303 Aeschi-

634 3371 849 3433 nem,
906 3348 1122 3441 cujus
1156 3348 1368 3442 prior
1402 3361 1559 3416 erat
1593 3347 1686 3417 ad
1728 3348 2262 3446 Xanthippen,
2317 3348 2708 3423 referenda
2744 3347 3423 3441 demonstraretur,
3522 3355 3615 3422 Et
3655 3376 3910 3425 revera
3947 3353 4043 3425 ad

533 3449 542 3458 ’
624 3468 985 3542 Δ(Ξεὶκτῑεηι
1032 3480 1108 3538 et
1152 3467 1539 3536 Simmiam
1579 3463 2048 3561 probabilius
2100 3469 2499 3541 Aeschines
2527 3523 2548 3558 ,
2604 3493 2833 3566 quam
2871 3472 3347 3570 Xenophon,
3400 3475 3776 3570 scripsisse
3807 3474 4050 3573 finga-

633 3606 798 3681 tur,
856 3592 1145 3689 quippe
1184 3585 1587 3690 Aeschines
1630 3599 1805 3657 ante
1843 3600 2166 3659 mortem
2201 3591 2707 3686 praeceptoris
2736 3614 2911 3661 cum
2943 3593 3254 3662 simmia
3287 3593 3646 3666 Thebano
3669 3648 3689 3682 ‚
3719 3597 3991 3667 Cebete
4016 3650 4048 3688 ,

634 3729 708 3785 et
751 3711 1200 3785 Phaedondfl
1246 3723 1583 3782 versatus
1625 3712 2041 3807 reperitur,
2096 3734 2182 3781 ac
2223 3707 2582 3808 deinceps
2623 3709 2939 3782 Athenis
2986 3714 3281 3807 Megara
3315 3735 3489 3782 cum
3530 3712 3794 3785 iisdem
3834 3738 4052 3787 com-

633 3838 982 3936 migravit
1003 3890 1023 3926 ,
1054 3834 1189 3907 uhi
1212 3832 1561 3931 Dialogos
1586 3855 1762 3907 suos
1789 3829 2170 3904 sodalibus
2196 3832 2588 3903 Socraticis
2611 3830 3034 3930 praelegere
3060 3832 3346 3905 solebat
3374 3833 3439 3930 (1
3455 3831 3527 3929 a)
3549 3835 4052 3933 :Xenophon-

638 3974 792 4030 tem
831 3982 1017 4032 vero
1035 3957 1372 4030 ‘illorum
1430 3955 1875 4030 familiarem
1922 3952 2147 4028 fuisse
2203 3978 2367 4027 non
2419 3956 2888 4056 accepimus:
2940 3954 3238 4044 Quibus
3281 3954 3706 4031 rationibus
3757 3956 4050 4034 accedit
4135 3936 4152 3946 ⁸

716 4267 802 4347 (8)
842 4267 912 4326 d.
940 4268 1095 4329 Diss.
1136 4263 1192 4340 §-
1229 4267 1284 4344 ς.
1321 4265 1427 4323 IX.
1458 4293 1541 4311 -
1568 4266 1747 4329 xm.

713 4374 801 4454 (9)
840 4377 983 4452 Pag.
1026 4373 1131 4442 48.

714 4479 842 4556 (ιο)
881 4479 1233 4536 Conferam-
1259 4474 1500 4534 omniuo
1528 4493 1663 4532 cum
1703 4474 1814 4533 isti
1847 4475 2104 4553 Epistola
2140 4476 2453 4535 Droutmts
2490 4474 2796 4536 Ῐιιέιιτῐυε·
2824 4475 2953 4535 Lib.
2994 4475 3082 4538 IL
3115 4476 3174 4555 ς.
3213 4479 3314 4538 ὄπ’.

718 4581 846 4661 (n)
882 4584 965 4640 Ea
991 4595 1231 4660 propter
1264 4581 1609 4641 Aeschinem
1642 4600 1777 4638 cnm
1807 4584 2044 4641 Platone
2076 4594 2136 4639 et
2166 4582 2555 4657 xenophonte
2586 4581 2785 4660 jungit
2812 4584 3041 4642 Crono
3069 4584 3132 4641 in
3152 4585 3352 4644 Bruto
3373 4583 3532 4664 cap,
3563 4579 3750 4643 85rex
3779 4603 4041 4664 quorum·

913 4688 1144 4761 scriptis
1174 4690 1363 4749 imina
1398 4688 1648 4747 Socratis
1688 4698 1985 4747 noscatur.
2063 4711 2090 4739 ι
2129 4686 2279 4764 Ego
2292 4729 2319 4756 ,
2360 4687 2553 4763 inquit
2572 4729 2592 4760 ‚
2632 4689 2910 4748 ironiam
2959 4690 3148 4749 illam
3187 4709 3390 4771 quam
3423 4691 3496 4749 in
3525 4690 3780 4752 Socrate
3810 4690 4042 4750 dicunt·

914 4831 972 4862 „
994 4787 1207 4867 fictir-re
1222 4837 1250 4864 ,
1299 4815 1433 4873 qua
1476 4785 1586 4854 ille
1622 4796 1691 4852 in
1727 4792 2076 4878 ..Plutonia
2116 4805 2189 4852 ee
2214 4791 2662 4875 Xonopkotmb-
2683 4837 2709 4872 ,
2755 4808 2824 4856 eb*
2859 4794 3208 4860 Aeschinis
3246 4795 3430 4861 libri&
3470 4798 3708 4870 utitur,
3730 4795 4033 4874 ficetum

911 4936 973 4966 „
1013 4907 1079 4952 et
1122 4895 1469 4974 elegantem
1497 4896 1719 4981 putol'
1776 4900 1787 4912 ⁸

718 4995 843 5078 (η)
883 5000 1024 5059 vid.
1074 5002 1261 5061 nmo.
1307 5003 1527 5063 mear.
1576 5005 1643 5064 d.
1690 5007 1732 5065 1.
1783 5003 1923 5068 Lib.
1969 5004 2048 5068 11.
2100 5004 2167 5082 §-
2212 5006 2320 5071 σε,
2363 5007 2820 5074 ώὶιεεειιίιιω
2852 5010 3134 5091 Dialogus
3173 5027 3306 5072 mos
3335 5004 3650 5084 Aristippo
3677 5003 4024 5086 praelegisse

910 5103 1155 5166 dicitur.
