5038 5975
1204 470 1447 570 'na
1584 444 2290 569 οιῦἉΜιλ
2431 490 3962 567 socRAT15.fi

582 696 904 799 Μαρίας
964 701 1228 769 testem
1285 715 1446 765 non
1510 685 1839 762 laudavit
1875 743 1895 778 ,
1969 712 2125 787 quo
2191 688 2388 760 duas
2447 687 2611 759 und
2673 710 2956 759 uxores
3011 688 3292 760 Socrati
3344 684 3568 760 fuisse
3624 700 3953 762 constet:
4024 698 4243 757 stoa-10
4295 703 4342 758 1.

582 830 673 895 Et
732 845 912 893 vero
940 873 960 907 ,
1011 817 1074 890 si
1139 813 1548 902 laudasset,
1601 809 1974 883 Libellum
2015 836 2058 883 a
2112 810 2511 884 Plutarcho
2557 812 2982 910 inspectum
3044 807 3268 882 fuisse
3316 832 3707 908 negarem,
3763 813 3957 885 mul·

582 960 851 1039 taeque
902 938 1245 1011 lectionis
1315 938 1559 1007 virum
1609 934 1805 1005 mala
1856 934 2177 1007 aliorum
2216 912 2364 1005 fide
2410 933 2808 1032 deceptum
2862 931 3240 1005 crederem
3269 987 3288 1023 ,
3342 931 3963 1032 quandoquidem

583 1064 708 1136 ille
763 1063 1024 1136 saltem
1089 1061 1472 1159 scriptoris
1524 1058 1623 1128 de
1691 1054 2123 1130 Nobilitate
2172 1057 2379 1129 locus
2415 1110 2435 1145 ,
2510 1056 2604 1127 ad
2665 1071 2998 1129 nostram
3054 1082 3295 1156 usque
3357 1070 3674 1128 aetatem
3732 1081 3972 1130 serva-

586 1200 748 1275 tus,
808 1189 885 1258 in
941 1206 1095 1281 quo
1151 1186 1403 1280 Myrto
1463 1207 1504 1252 a
1575 1187 1875 1253 Socrate
1945 1179 2169 1253 ducta
2234 1194 2741 1269 memoratur,
2793 1181 2875 1250 in
2934 1179 3155 1250 aliam
3187 1162 3453 1276 ‘plane
3516 1182 3972 1252 sententiam

581 1324 689 1381 est
732 1285 1237 1403 accipiendus.
1344 1302 1523 1393 Sed,
1555 1307 1891 1401 Diogene
1921 1306 2215 1377 Laertio
2247 1318 2473 1401 atque
2512 1302 2897 1374 Athenaeo
2926 1302 3253 1398 sagacior
3289 1299 3771 1399 doctiorque,
3814 1302 3976 1374 Plu·

579 1429 879 1501 tarchus
933 1426 1026 1498 de
1075 1449 1254 1497 vero
1301 1424 1566 1496 Libelli
1612 1431 1936 1498 Auctore
1981 1425 2354 1498 dubitavit
2399 1428 2568 1521 jure
2611 1427 2903 1522 optimo
2931 1479 2952 1514 ,
3006 1449 3092 1494 ac
3130 1426 3568 1495 Panaetium
3616 1422 3974 1498 libentius

576 1554 876 1624 secutus
949 1560 1060 1618 est
1086 1599 1106 1634 ,
1183 1546 1315 1641 qui
1396 1547 1614 1615 istam
1696 1551 2077 1645 personati
2136 1546 2513 1643 ‚dubiique
2580 1549 2979 1643 Scriptoris
3056 1559 3132 1617 et
3214 1546 3693 1634 Aristoxeni,
3768 1545 3978 1617 haud

576 1677 834 1745 minus
879 1692 1110 1768 quam
1170 1668 1533 1737 Demetrii
1586 1664 1922 1739 Phalerei
1983 1668 2083 1764 (si
2146 1667 2373 1764 hujus
2423 1666 2733 1763 aliquod
2795 1666 2938 1739 fuit
3006 1668 3132 1740 illa
3194 1670 3274 1738 in
3328 1691 3583 1741 caussa
3640 1670 3982 1740 testimo·-

576 1794 824 1890 nium)
899 1806 1131 1888 atque
1171 1790 1611 1887 Hieronymi
1667 1788 1983 1877 Rhodii,
2051 1791 2573 1861 auctoritatem
2634 1787 3057 1881 lubricam,
3131 1788 3467 1863 fallacem
3494 1843 3515 1881 ,
3568 1793 3760 1889 quin
3810 1816 3976 1865 om-

577 1921 764 1990 nino
808 1913 1065 1986 falsam
1121 1909 1274 1985 esse
1322 1925 1398 1984 et
1454 1909 1875 1984 calumniae
1926 1908 2256 1983 adfinem
2322 1909 2793 2010 probaverat

4103 780 4268 855 §4

4150 1843 4167 1875 Ι

581 2048 613 2088 ‘⁵
668 2045 1058 2135 Nusquam
1120 2060 1301 2133 ergo
1348 2048 1658 2134 apparet
1700 2087 1722 2130 2
1791 2033 2267 2107 Aristotelem
2323 2032 2631 2132 διγαμάας
2685 2038 3099 2115 Socraticae
3162 2034 3387 2121 fuisse
3439 2052 3734 2111 testem.
3840 2042 3964 2111 Vi·
3989 2062 4204 2122 Primi
4255 2066 4388 2121 Fa·-

572 2163 924 2248 deamuS,
989 2159 1178 2256 quid
1240 2181 1470 2255 porro
1541 2156 1637 2229 de
1692 2159 1960 2256 primis
2026 2157 2229 2231 illius
2289 2161 2634 2232 rumoris
2683 2144 3114 2232 auctoribus
3177 2163 3617 2260 scripserint
3679 2163 3964 2237 Plutar·
3990 2144 4178 2203 balae
4269 2166 4389 2201 ⁰¹⁴·

571 2285 759 2356 chus
792 2337 811 2371 ,
863 2283 1236 2375 Diogenes
1277 2280 1660 2369 Laertius,
1714 2294 1791 2352 et
1832 2278 2305 2354 Athenaeus:
2382 2286 2476 2354 Et
2525 2285 2976 2382 posteriores
3039 2283 3347 2382 quidem
3407 2284 3561 2357 duo
3610 2290 3698 2355 Sa
3707 2300 3733 2356 t
3787 2312 3960 2376 rum

571 2405 1146 2513 Peripateticum
1199 2414 1426 2499 atque
1473 2405 2026 2501 Hieronymum
2073 2403 2459 2476 Rhodium
2506 2406 2614 2476 sic
2657 2408 3111 2496 nominant,
3165 2421 3253 2480 ut
3291 2407 3594 2505 nullum
3644 2407 3964 2481 dubium

572 2528 669 2595 sit
719 2575 737 2609 ,
819 2514 1009 2615 qui‘n
1078 2525 1457 2613 egregium
1524 2522 1671 2593 hoc
1730 2527 2233 2618 impostorum
2296 2529 2964 2623 Peripateticorum
3024 2552 3162 2625 par
3209 2532 3599 2627 veritatem
3657 2531 3976 2602 Fabulae

577 2650 884 2723 strenue
956 2636 1425 2709 adseruerint
1487 2662 1573 2709 ac
1632 2636 2111 2711 defenderint
2151 2695 2172 2730 ‚
2244 2647 2347 2717 ita
2407 2659 2549 2731 ut,
2579 2672 2870 2767 quum
2945 2649 3224 2718 horum
3297 2618 3483 2722 alter
3549 2650 3642 2722 ad
3703 2653 3974 2724 incitas

572 2778 763 2838 esset
830 2760 1173 2833 redactus
1257 2757 1351 2829 ab
1448 2761 1539 2832 iis
1577 2815 1598 2849 ,
1677 2763 1813 2863 qui
1892 2761 2229 2860 duplices
2302 2740 2642 2836 Athenis
2643 2769 3020 2864 xnuptias
3059 2794 3402 2868 unquam
3483 2774 3719 2847 licitas
3799 2800 3972 2849 vere

568 2897 932 2983 negarent
966 2934 986 2969 ‚
1071 2880 1463 2952 hominem
1536 2907 1696 2953 non
1774 2882 2139 2982 puduerit
2212 2888 2619 2958 Decretum
2684 2888 3021 2987 proferre
3059 2947 3079 2981 ,
3163 2908 3319 2994 quo
3389 2898 3528 2987 ista
3595 2900 3816 2969 venia
3877 2898 3974 2971 ab
4061 2966 4068 2973 .

568 3002 1153 3084 Atheniensibus
1226 3000 1456 3073 fuerit
1526 3002 1699 3074 data
1726 3058 1749 3095 ,
1826 3021 2145 3105 propter
2206 3010 2664 3105 paucitatem
2737 3014 3015 3112 civium
3085 3016 3366 3091 scilicet
3406 3074 3428 3110 ,
3507 3045 3701 3120 quos
3771 3024 3972 3094 inter
4074 3077 4082 3091 .

564 3132 854 3206 bellum
905 3128 1285 3227 pestisque
1341 3128 1707 3202 maximas
1750 3126 2144 3214 ediderant
2195 3143 2498 3226 strages.
2606 3133 2902 3204 Praeter
2959 3138 3510 3240 Hieronymum
3577 3142 3968 3217 Rhodium

564 3250 1006 3328 Plutarchus
1061 3262 1282 3322 testes
1344 3273 1654 3348 quoque
1723 3251 1902 3325 citat
1974 3253 2449 3326 Demetrium
2513 3251 2959 3331 Phalereum
3022 3273 3100 3333 et
3153 3263 3683 3338 Aristoxenum
3719 3319 3737 3355 ,
3801 3292 3962 3338 me·
4033 3343 4041 3351 ,

840 3469 991 3539 Sed,
1033 3466 1332 3537 universe,
1375 3465 1423 3523 si
1473 3465 1549 3523 de
1588 3463 1731 3526 viro
1778 3486 1847 3525 ac
1871 3468 2133 3546 feminei
2178 3489 2372 3528 sermo
2426 3475 2500 3531 sit
2533 3516 2551 3546 ‚
2602 3478 2795 3551 potius
2844 3490 2929 3538 est
2951 3523 2967 3552 ‚
3019 3493 3087 3540 ut
3138 3485 3213 3543 ad
3256 3485 3768 3545 consuetudinem
3812 3489 3963 3547 refe-

838 3587 1043 3642 ratur,
1085 3591 1203 3649 qua
1249 3571 1322 3640 de,
1366 3591 1430 3630 re
1477 3571 1747 3648 pluribus
1781 3573 1903 3648 egit
1949 3574 2100 3629 Tuo.
2146 3575 2509 3635 Grunnius
2550 3577 2634 3635 de
2664 3579 2751 3636 Se.
2797 3582 2883 3640 N.
2927 3585 3089 3644 Tese.
3132 3590 3277 3664 Cap.
3324 3581 3433 3649 XI.
3475 3594 3662 3649 'I'omo
3715 3594 3765 3652 Ι.
3801 3593 3974 3669 Opp.

836 3681 949 3739 col.
990 3676 1084 3751 75.
1123 3678 1207 3734 ita
1245 3689 1441 3734 tamen
1481 3689 1550 3734 ut
1586 3677 1774 3753 magis
1818 3677 1895 3733 ad
1939 3677 2123 3752 ipsam
2166 3680 2436 3740 συνουσῖων
2471 3681 2783 3756 ἀφροδισίων
2828 3704 3005 3759 quam
3052 3690 3127 3744 ad
3158 3693 3273 3761 jus
3315 3694 3492 3765 hujus
3523 3697 3961 3751 consuetudinis

833 3783 1209 3859 respiciatur:
1253 3785 1450 3854 Quare
1479 3796 1538 3841 et
1562 3783 1627 3839 in
1667 3781 1923 3857 Legibus
1951 3782 2195 3853 Atticis,
2236 3787 2310 3842 de
2343 3789 2562 3861 quibus
2601 3799 2787 3866 agunt
2813 3792 3140 3848 Gatakerus
3163 3805 3224 3849 et
3251 3796 3593 3870 Menagius,
3636 3796 3731 3854 ἐιν
3763 3797 3797 3861 ἑ
3837 3795 3960 3869 ξένη

836 3896 915 3969 τῷ
953 3890 1069 3967 lte-‚H
1107 3893 1310 3957 συνωεῆ
1332 3931 1351 3961 ,
1391 3902 1452 3948 et
1494 3889 1747 3948 vicissim
1780 3886 1881 3949 dim
1898 3884 2044 3962 ξένος
2083 3888 2191 3966 ἆςῆ
2230 3893 2470 3967 συνοικῇ,
2515 3914 2586 3951 eo
2613 3896 2805 3952 minus
2848 3895 2922 3951 de
2953 3894 3236 3971 legitimo
3278 3901 3690 3959 matrimonio
3730 3904 3962 3979 agitur,

836 3999 998 4073 quod
1046 3998 1172 4058 illas
1233 3997 1391 4054 inter
1423 4001 1699 4070 personas
1746 4000 1971 4056 nullum
2027 4011 2151 4055 erat
2196 3999 2292 4071 jus
2333 4000 2649 4058 connubii:
2695 4000 3203 4072 Quemadmodum
3255 4005 3467 4066 Lrsus
3512 4008 3665 4065 idem
3715 4010 3960 4067 verbum

836 4105 1106 4170 συνοικεῖν,
1150 4106 1295 4178 quin
1336 4114 1393 4159 et
1439 4107 1641 4176 γῆμαι,
1684 4106 1987 4179 usurpavit
2037 4105 2111 4161 de
2157 4107 2502 4181 turpissimis
2543 4108 2794 4164 duorum
2841 4106 3101 4166 virorum
3124 4149 3143 4179 ‚
3196 4111 3514 4182 Alcibiadis
3571 4126 3628 4172 et
3670 4118 3916 4175 Axiochi
3939 4161 3958 4191 ,

838 4225 973 4268 cum
1013 4209 1131 4264 ima
1182 4209 1501 4284 efidemque
1553 4210 1780 4286 puella,
1822 4211 2028 4268 endem
2080 4223 2372 4286 tempore,
2413 4213 2818 4271 communibus
2867 4216 3087 4288 nuptiis
3111 4258 3128 4287 ,
3193 4217 3242 4275 si
3291 4229 3410 4275 tam
3461 4220 3771 4279 libidinosa
3815 4244 3957 4298 con-

835 4312 1016 4369 sortia
1045 4314 1284 4386 nuptiae
1316 4316 1779 4390 sint-dicendae:
1824 4319 2237 4402 Fragmentum
2265 4318 2469 4394 Lysiae
2499 4330 2685 4376 exstat
2718 4321 2874 4396 apud
2915 4324 3300 4382 Ατιιιιιυιιοιι
3340 4326 3469 4382 Lib.
3497 4327 3635 4384 XII.
3655 4348 3790 4406 pag.
3817 4328 3954 4387 535.

832 4435 895 4480 Δ.
933 4416 1036 4474 ubi
1061 4458 1078 4485 ‚
1127 4415 1260 4474 cum
1294 4439 1408 4493 pro
1442 4425 1561 4479 u'na
1592 4424 1835 4481 muliere
1880 4425 2026 4482 duas
2055 4425 2307 4483 Librarii
2347 4425 2702 4483 effluxissent
2725 4470 2741 4498 ,
2782 4425 3082 4489 Melum-ssa
3121 4437 3217 4498 τὴν
3255 4427 3542 4506 Α’βυδηνῆν
3579 4435 3671 4495 καὶ
3710 4437 3954 4497 Ξὺνωκεῖ-

582 4523 593 4530 ’
648 4525 659 4536 ‘
716 4545 725 4562 ·
833 4544 963 4593 m,
1007 4524 1179 4582 istam
1227 4526 1485 4600 portenti
1533 4527 1780 4584 similem
1832 4529 2211 4607 Xynoceipen
2267 4536 2355 4594 10.
2405 4531 2722 4591 Tinctus
2780 4556 2850 4593 m
2918 4538 3179 4615 fragm.
3230 4540 3468 4618 Lysiae
3522 4559 3658 4621 pag.
3712 4545 3851 4604 620.
3894 4558 3966 4604 et.

833 4633 1008 4692 Fun.
1046 4632 1275 4696 Lunov.
1310 4635 1687 4690 Anxscmus
1713 4630 1996 4692 Dilucid.
2044 4634 2332 4717 Thucyd.
2370 4656 2506 4716 pag.
2548 4637 2683 4712 ⁵75.
2711 4643 2891 4699 verbo
2919 4640 3170 4718 ξυνοικεῖν
3194 4647 3574 4735 reddiderunt
3599 4650 3709 4708 boc
3743 4666 3950 4727 pacto.

835 4730 1260 4808 Ε”κπλεῦσιιντες
1312 4744 1419 4816 γὰρ
1479 4743 1618 4810 xviv?
1665 4747 1719 4802 A
1722 4734 1927 4814 ’ξίοχος
1966 4742 2059 4804 καὶ
2117 4749 2171 4804 A
2174 4738 2478 4819 ’λκιβιιίὃης
2529 4747 2606 4817 εἷς
2662 4749 2722 4810 Ε
2724 4749 3055 4817 >wioton-ov
3104 4753 3312 4829 ’ἔγημαν
3345 4754 3403 4816 ἐν
3437 4765 3504 4817 A
3495 4752 3654 4834 ’βύδῳ
3693 4758 3785 4816 δύο
3829 4759 3951 4817 ’ὄπ-ε

833 4838 1170 4901 nesam-casa
1211 4845 1321 4919 (vel
1368 4851 1565 4925 potius
1605 4848 1933 4918 Μεδοντίδα,
1994 4852 2083 4909 uti
2134 4855 2290 4928 apud
2336 4859 2586 4916 eundem
2636 4865 3025 4920 Δτιιιειυιιωι
3071 4884 3207 4941 pag.
3261 4866 3396 4939 574.
3426 4869 3483 4938 r.)
3524 4871 3622 4931 τὴν
3658 4860 3947 4937 Α’βιδηνῆῑ

832 4948 925 5008 καὶ
968 4937 1285 5023 §Quen-nv.
1385 4957 1563 5029 Apud
1597 4959 1780 5019 Dion.
1820 4960 1943 5018 Sic.
1985 4961 2116 5022 Lib.
2170 4962 2308 5022 XII.
2351 4963 2497 5046 Cap.
2542 4966 2633 5026 18.
2684 4969 2806 5027 Lex
2837 4981 2923 5028 est
2958 4972 3337 5031 Charondae:
3381 4969 3590 5047 Ε’ξέςυ
3630 4979 3698 5046 τῦ
3737 4975 3948 5041 ’γυναικὶ

830 5053 1085 5120 ἐπιλύειν
1120 5060 1214 5122 τὶν
1250 5058 1410 5136 ἄνδρα
1445 5062 1539 5124 καὶ
1577 5070 1824 5131 mxcv
1863 5061 1905 5149 ᾆ
1937 5063 2005 5135 ὃν
2038 5067 2323 5145 βούληαι.
2402 5085 2419 5092 ·

3472 5177 3626 5258 D.

3999 2242 4124 2290 cco!
4127 2244 4212 2283 es.
