5038 5975
1272 484 1451 558 Da
1565 438 2271 594 chitnli
2387 474 3185 550 SOCRATIS.
3836 468 3924 543 ιε,

751 736 804 777 ,,
858 704 1054 782 quae
1118 678 1584 778 Porphyrius
1656 701 1749 750 ex
1808 676 2010 751 dicto
2076 681 2400 752 Auctore
2466 677 2561 749 de
2628 658 2946 747 Socratis
2999 663 3393 745 iracundia
3455 684 3542 737 ac
3607 664 3925 740 libidine
3999 658 4245 818 δεξτῐζ.
4265 660 4322 719 1-

755 858 808 895 ‚‚
862 807 946 876 in
984 796 1213 876 tertio
1260 801 1495 897 hujus
1530 792 2033 900 Operis‘libro
2080 802 2462 879 retulerat.
2570 795 2805 870 Tale-eo
2830 796 3096 883 enim,
3127 790 3361 890 quod
3399 794 3735 864 Socrates
3770 795 3925 890 ipse

758 981 811 1017 „
862 927 1141 1027 Zopyri
1198 923 1289 996 de
1332 948 1409 996 se
1452 921 1824 1022 judicium
1860 928 2179 1027 proprio
2240 925 2678 1000 testimonio
2732 915 3264 1019 comprobarit.
3276 912 3318 943 ’'

524 1160 529 1169 ·
658 1111 867 1185 Alter
920 1108 1579 1201 Duumvirorum‚
1651 1131 1846 1205 quos
1905 1103 2342 1221 dicebamus
2372 1163 2395 1198 ,
2460 1110 2637 1179 Leo
2691 1107 3171 1192 Arma-nus,
3239 1097 3600 1196 Diogenis
3659 1093 3934 1167 Laertii
4011 1097 4140 1156 Lm
4179 1097 4372 1154 Atu-

559 1230 794 1309 fidem
856 1230 1298 1329 simpliciter
1344 1218 1693 1341 sequitur
1757 1227 1914 1337 (3),
1972 1256 2132 1313 non
2170 1229 2659 1309 dissimulato
2717 1241 2971 1299 tamen
3026 1224 3376 1296 Panaetio
3415 1275 3435 1310 ‚
3509 1244 3550 1291 a
3604 1242 3762 1316 quo
3806 1221 3932 1289 Fa·
3966 1197 4121 1239 '¹¹³⁸

557 1320 817 1430 bulam
886 1353 1178 1427 idoneis
1238 1351 1660 1426 rationibus
1722 1352 2193 1429 confutatam
2268 1353 2714 1463 Plutaichus
2776 1359 3343 1423 memoraverat.
3462 1346 3641 1415 Erat
3693 1364 3872 1414 sane
3907 1393 3930 1430 ‚

559 1444 771 1579 quod
846 1477 974 1547 illa
1037 1477 1442 1565 auctoritas
1508 1452 1839 1573 aliquem
1890 1476 2347 1575 scrupulum
2427 1491 2504 1547 et
2569 1473 3123 1561 dubitationem
3202 1466 3473 1543 Allatio
3538 1465 3932 1561 injiceret:

1354 1694 1476 1711 '''''

565 1798 1027 1941 Quicunque
1090 1841 1438 1914 animum
1502 1852 1664 1914 'non
1738 1842 2061 1915 attendit
2100 1897 2122 1934 ,
2201 1842 2333 1917 sed
2403 1842 2483 1923 ὡς
2554 1837 2620 1920 ἐν
2678 1839 2933 1949 παρόδῳ
3002 1838 3524 1951 quaestionem
3606 1847 3943 1908 nostram

564 1969 871 2065 attingit
921 1961 1447 2053 solummodO,
1502 1963 1613 2035 illi
1660 1966 1886 2036 etiam
1942 1963 2233 2039 facilius
2285 1939 2743 2065 ignoscitur.
2800 1970 3011 2056 Quos
3053 1967 3255 2035 inter
3289 1983 3635 2036 summus
3689 1970 3947 2030 noster
3976 2033 4162 2093 nmo
4222 2033 4386 2092 Gno-

567 2106 682 2164 est
710 2095 983 2162 ano
1022 2078 1429 2161 Gaorms
1474 2085 1607 2184 (4).
1666 2092 1809 2165 At
1853 2110 2034 2161 vero
2088 2066 2503 2161 ‘Historiae
2566 2085 3179 2217 Philosophicae
3232 2085 3691 2184 scriptorem
3727 2105 3950 2182 opor-
3977 2131 4133 2176 m„

565 2228 683 2285 tet
713 2225 987 2285 cuncta
1018 2214 1439 2284 accuratius
1481 2210 1993 2310 perpendere,
2048 2236 2299 2312 neque
2327 2215 2625 2305 om‘nia,
2651 2236 2845 2311 quae
2891 2210 2936 2284 a
2979 2208 3380 2285 Veteribus
3411 2206 3686 2281 tradita
3713 2218 3900 2280 sunt
3920 2256 3942 2295 ,

567 2350 663 2408 ut
725 2333 1041 2434 probata
1118 2347 1199 2405 et
1262 2348 1473 2405 extra
1546 2356 1778 2408 omne
1843 2333 2168 2409 dubium
2228 2340 2473 2436 posita
2512 2391 2536 2426 ‚
2615 2337 2777 2410 sine
2845 2332 3281 2408 discrimine
3336 2334 3667 2431 recipere
3726 2345 3953 2428 atque
3981 2388 4232 2446 ‘raou-

574 2457 672 2527 ad
721 2456 1065 2528 credulos
1112 2470 1457 2552 posteros
1510 2482 1953 2556 propagare.
2055 2463 2165 2532 Ea
2202 2473 2484 2531 tamen
2547 2461 2631 2531 in
2699 2483 2783 2531 re
2848 2462 3224 2531 Tuomst
3270 2460 3681 2527 Sranmzsr
3713 2508 3736 2543 ‚
3788 2452 3952 2525 Viri
3983 2468 4340 2534 srumus.

577 2574 761 2648 alias
822 2572 927 2644 de·
966 2572 1205 2653 literis
1266 2578 1555 2687 optime
1615 2581 1868 2649 meriti
1912 2627 1935 2664 ,
2015 2579 2271 2671 aliqua
2320 2601 2474 2647 esse
2516 2580 2820 2650 videtur
2878 2579 3101 2676 culpa
3132 2632 3153 2667 ,
3205 2579 3397 2673 qui,
3450 2596 3639 2672 quas
3696 2575 3779 2643 in
3833 2575 3960 2643 So-

581 2710 893 2768 cratem
921 2708 1223 2766 temere
1264 2680 1600 2790 vulgatas
1640 2704 2098 2794 repererat,
2174 2695 2596 2801 calumnias
2651 2720 2814 2768 non
2872 2694 3176 2795 collegit
3231 2710 3587 2785 tantum,
3641 2695 3772 2768 sed
3835 2719 3964 2767 no-

590 2825 760 2910 vis,
833 2842 1028 2919 quos
1080 2843 1139 2888 a
1196 2815 1329 2887 tali
1384 2828 1753 2915 tantoque
1814 2822 1999 2891 Viro
2057 2815 2162 2916 (5)
2219 2844 2381 2891 non
2446 2835 2960 2919 exspectaret-1,
3039 2818 3422 2893 erroribus
3487 2817 3902 2892 cumulavit
3933 2871 3956 2907 ,

582 2964 824 3017 unam
893 2953 1145 3013 tamen
1199 2935 1484 3014 addens
1540 2937 2145 3015 observationem
2175 2997 2196 3034 ‚
2252 2966 2404 3041 qua
2464 2943 2708 3016 istam
2742 2942 3116 3018 facilitatis
3161 2966 3336 3017 suae
3377 2941 3680 3041 culpam
3745 2937 3966 3012 facile

582 3065 956 3152 redemit,
1010 3083 1396 3161 quamque
1427 3114 1450 3152 ,
1529 3076 1620 3133 ut
1668 3063 2166 3162 praecipuum
2216 3062 2446 3162 hujus
2490 3062 3026 3164 disputationis
3080 3080 3652 3163 argumentum,
3709 3077 3970 3162 postea

583 3186 937 3289 pluribus
1013 3182 1662 3258 confirmabimus.
1792 3186 1833 3218 ⁶⁸
1876 3189 2165 3262 Verum
2229 3201 2306 3259 et
2376 3184 2850 3260 Aristoxeni
2919 3202 2996 3260 et
3072 3183 3500 3286 Porphyrii
3562 3183 3875 3283 (inquit)
3925 3208 3971 3256 a

592 3359 646 3402 „
699 3305 978 3407 quibus
1004 3310 1184 3378 istae
1226 3309 1598 3403 'orig-inem
1643 3308 2089 3382 calumniae
2124 3307 2458 3403 ducunt,
2502 3313 2759 3383 notior
2791 3309 2992 3410 apud
3029 3333 3294 3384 omnes
3345 3308 3774 3408 malignitas
3817 3322 3965 3398 est,

597 3485 653 3524 ‚‚
706 3453 938 3529 quam
986 3442 1076 3498 ut
1118 3417 1356 3497 ullam
1401 3426 1496 3498 ab
1531 3429 1625 3499 iis
1673 3427 1907 3499 relata
1960 3436 2484 3503 auctoritatem
2538 3431 3050 3505 mereantur.’'
3152 3431 3526 3530 Stanlejus
3579 3455 3759 3504 vero
3828 3431 3974 3526 ipsi

590 3553 685 3628 de
729 3550 1006 3650 δηκαμίᾳ
1031 3549 1402 3620 Socratica
1439 3547 1734 3620 fabulae
1763 3573 2038 3647 parum
2082 3547 2375 3626 diffisus
2413 3577 2568 3626 esse
2596 3540 2918 3625 videtur.
3024 3555 3064 3585 “
3086 3557 3291 3628 Duas
3333 3553 3671 3652 (inquit)
3701 3574 3976 3624 uxores

598 3731 651 3770 ‚‚
705 3676 974 3765 duxit,
1027 3674 1362 3772 priorem
1435 3670 1976 3770 Xanthippen‚
2030 3675 2211 3750 civis
2268 3674 2793 3764 Atheniensis,
2873 3688 2962 3744 ut
3009 3679 3585 3746 Tmzonoaxro
3654 3670 3974 3744 affirma·

600 3854 655 3891 „
709 3813 875 3870 tum
902 3852 923 3888 ‚
977 3793 1254 3886 filiam,
1334 3796 1469 3892 qui
1532 3781 1785 3882 addif,
1853 3792 2259 3894 pudicitiae
2320 3820 2596 3896 parum
2665 3798 2999 3893 integrae
3071 3819 3236 3868 eam
3278 3848 3299 3883 ,
3381 3809 3793 3890 antequam
3843 3796 3976 3862 So·

601 3976 656 4015 ‚,
712 3924 897 3995 crati
971 3918 1295 3992 nuberet
1321 3971 1348 4004 ‚
1428 3914 1652 3990 fuisse
1682 3971 1704 4007 ,
1758 3942 2019 4020 'quam
2083 3941 2245 3991 non
2315 3920 2456 4018 ipsi
2526 3932 2826 3992 tantum
2884 3915 3014 3989 sed
3080 3931 3155 3989 et
3216 3916 3380 3990 aliis
3441 3916 3982 4016 prostituisset:

606 4098 658 4142 2,
713 4041 1059 4114 Relatum
1117 4056 1194 4113 et
1238 4023 1697 4113 A‘rnnnano
1730 4094 1750 4131 ‚
1803 4065 2015 4146 eam,
2095 4041 2236 4114 sibi
2284 4043 2435 4140 jam
2512 4054 2833 4141 nuptam
2880 4094 2900 4131 ‚
2980 4021 3224 4112 amico
3286 4038 3798 4121 commodasse
3854 4043 3983 4110 So-

607 4218 661 4257 „
717 4178 998 4235 cratem
1032 4217 1052 4250 ‚
1107 4160 1561 4234 Alcibiadem
1607 4189 1914 4262 quoque
1965 4165 2125 4261 ejus
2185 4167 2640 4236 commercio
2691 4187 2844 4235 esse
2885 4161 3196 4261 ‚usumss'
3296 4166 3507 4254 Quae
3553 4177 3978 4264 postrema,

605 4282 699 4360 de
766 4275 1244 4374 commodata
1310 4308 1354 4355 a
1417 4290 1715 4358 Socrate
1768 4263 2004 4359 uxore
2069 4286 2203 4359 sua
2238 4342 2258 4378 ,
2327 4310 2559 4386 quam
2613 4282 2794 4358 salsa
2827 4289 3045 4375 sint,
3119 4311 3350 4385 quam
3406 4288 3592 4358 vitio
3657 4285 3918 4362 affinia
3951 4339 3972 4376 ,

611 4403 846 4483 'cuivis
877 4464 898 4500 ‚
978 4405 1452 4480 Athenaeum
1524 4407 1628 4504 (6)
1693 4411 2127 4508 inspicienti
2170 4465 2195 4506 2
2263 4407 2474 4500 facile
2543 4408 2879 4508 patebit:
2958 4414 3219 4510 Neque
3286 4412 3492 4494 enim
3555 4407 3976 4500 Athenaei,

607 4530 705 4604 de
757 4556 1011 4605 amore
1066 4531 1392 4604 Socratis
1445 4552 1617 4628 erga
1671 4529 2129 4606 Alcibiadem
2184 4532 2346 4606 illic
2412 4546 2710 4606 tantum
2772 4533 3060 4633 agentis
3088 4587 3109 4624 ‚
3179 4530 3331 4608 fide
3390 4536 3796 4627 nituntur3
3848 4531 3984 4609 sed

696 4751 785 4831 (3)
823 4752 924 4810 Ad
960 4751 1167 4832 Epist.
1199 4752 1365 4813 ὅσον.
1402 4771 1537 4831 pag.
1587 4751 1725 4812 230.

700 4858 788 4937 (ί.)
827 4856 931 4918 Do
969 4856 1128 4916 Iure
1151 4856 1324 4916 Belli
1346 4872 1411 4916 et
1443 4858 1639 4918 Pacis
1678 4857 1809 4917 Lib.
1841 4857 1923 4917 11.
1958 4858 2100 4935 Cap.
2133 4854 2193 4919 ὅ.
2236 4858 2290 4935 §.
2332 4879 2392 4935 9.

699 4964 784 5042 (5)
825 4963 996 5022 Hist.
1040 4960 1285 5020 Philas.
1328 4964 1497 5021 Parte
1535 4965 1650 5027 111.
1705 4965 1851 5046 Cap.
1907 4965 2001 5028 16.
2041 4982 2180 5043 pag.
2223 4955 2355 5028 186..

701 5069 787 5150 (6)
824 5071 956 5131 Lib.
992 5067 1067 5128 V.
1103 5086 1245 5149 pag.
1286 5085 1423 5148 ²¹9·
1453 5088 1509 5127 s.
