5038 5975
1279 524 1455 599 ns
1581 474 3205 597 DIGAM12“socaATrs
3487 479 3501 493 '
3825 460 3993 609 :ffi'

584 745 661 796 a·
675 718 1143 822 Ehilosopho
1175 773 1197 811 ,
1277 718 1415 819 qui
1479 717 2019 816 temperantiae
2096 738 2185 788 ac
2246 713 2764 789 continentiae
2846 709 3228 809 exemplar
3307 726 3462 780 esse
3508 676 3893 796 debuerat
3925 759 3949 797 ,
4001 716 4243 823 swa,
4297 730 4350 794 1

582 834 1063 944 usurpatum.
2732 914 2738 923 ι
3631 848 3642 883 ι
3845 878 3852 887 .
3895 858 3926 881 0.
4077 812 4167 892 ‘·§
4209 830 4270 883 ιι.

609 1037 618 1048 “
678 1034 719 1067 ‘
764 1042 986 1110 Sexto
1034 1030 1216 1133 (ait)
1264 1030 1441 1108 belli
1499 1028 2111 1136 Peloponnesiaci
2163 1056 2369 1123 anno
2427 1053 2661 1107 novas
2699 1024 3020 1107 Athenis
3066 1043 3344 1132 strages
3392 1024 3622 1129 pestis
3675 1018 3951 1105 edidit?

712 1230 733 1251 ,
784 1210 836 1251 „
892 1175 968 1230 et
1010 1156 1280 1229 funera
1316 1153 1709 1232 funeribus
1790 1157 2233 1233 cumulavit.
2339 1161 2535 1230 Cum
2579 1174 2757 1228 vero
2815 1152 3132 1243 cladeS,
3149 1177 3496 1259 quaeque
3541 1152 3697 1249 jam
3752 1171 3961 1249 prae-⁴

784 1332 837 1369 ‚,
891 1292 1297 1368 cesserant,
1356 1282 1769 1355 numerum
1819 1283 2101 1352 civium
2137 1279 2357 1353 valde
2401 1280 2902 1364 minuissent,
2955 1290 3066 1347 ut
3097 1279 3159 1349 is
3192 1279 3468 1347 iterum
3514 1286 3956 1369 augeretur,

782 1454 834 1489 „
891 1405 1041 1471 Lex
1094 1405 1373 1498 scripta
1428 1414 1603 1492 est,
1670 1428 1880 1501 quae
1963 1401 2162 1473 Vero
2247 1400 2607 1500 geminas
2692 1390 2980 1468 habere
3058 1398 3361 1470 Uxores
3431 1395 3797 1494 pet-misia
3899 1396 3963 1461 A

788 1573 840 1608 „
896 1522 1249 1616 Cecropis
1288 1520 1465 1590 inde
1507 1537 1788 1609 aetate,
1842 1524 1976 1619 qui
2024 1526 2320 1618 primus
2359 1516 2681 1603 Atticam
2737 1516 3008 1591 incolis
3047 1516 3689 1615 frequentaverat,
3743 1506 3963 1582 Athe

782 1692 838 1731 „
896 1664 1180 1736 nasque
1213 1632 1693 1731 condiderat,
1747 1641 1840 1713 de
1869 1639 2253 1740 πολνγαμῖᾳ
2294 1658 2694 1737 nunquam
2729 1636 3008 1736 injecta
3025 1630 3270 1710 fuerat
3297 1637 3626 1739 mentio,
3659 1648 3734 1706 et
3771 1656 3966 1704 nun·

785 1813 837 1850 „
891 1782 1123 1858 quam
1172 1760 1445 1833 marito
1502 1765 1721 1835 venia
1761 1762 1971 1854 data,
2026 1780 2115 1834 ut
2156 1763 2415 1861 plures
2466 1784 2626 1837 una
2665 1778 2937 1832 uxores
2987 1759 3264 1832 habere
3304 1732 3583 1832 liceret.
3686 1759 3839 1827 Lex
3877 1778 3995 1826 ac·

704 1875 713 1881 ’
785 1934 837 1971 „
894 1882 1402 1971 consuetudo,
1460 1910 1558 1955 ne
1608 1884 1686 1955 id
1740 1888 2095 1985 cuiquam
2144 1904 2587 1956 concessum
2641 1897 2877 1974 esset,
2932 1878 3532 1959 consentiebant.
3634 1881 3732 1948 At
3775 1900 3966 1950 „vero

784 2056 835 2093 „
891 2018 1062 2102 post
1114 2004 1319 2077 illam
1378 2020 1684 2105 pestem
1734 2005 2054 2107 admissa
2099 2021 2211 2078 est
2262 2000 2687 2103 mavyaplm
2735 2020 2811 2076 et
2868 2010 3242 2092 Socrates,
3314 2042 3408 2059 -
3458 2000 3794 2077 Socrates
3835 1998 3962 2069 ille

668 2120 675 2133 ’
786 2179 839 2214 „
894 2116 1445 2227 Philosophus,
1510 2165 1601 2185 --
1654 2126 1855 2199 inter
1904 2126 2195 2227 primos
2254 2129 2402 2202 fuit
2477 2128 2619 2201 ista
2670 2124 2891 2198 venia
2958 2148 3158 2198 usos.
3262 2127 3526 2195 Annos
3581 2137 3743 2193 tum
3801 2134 3963 2193 erat

784 2299 835 2336 „
894 2263 1114 2323 natus
1149 2246 1669 2347 quadraginta-
1672 2262 1871 2338 tres,
1926 2256 2214 2353 quippe
2249 2254 2385 2349 qui
2427 2254 2755 2349 primam
2807 2240 3053 2319 lucem
3093 2242 3529 2343 adspexerat
3574 2218 3961 2343 postre'mo

786 2422 839 2458 „
895 2395 1101 2441 anno
1158 2362 1644 2470 Olympiados
1702 2398 1815 2472 77.
1886 2399 2091 2445 anno
2145 2371 2315 2471 469.
2377 2388 2552 2443 ante
2612 2366 3029 2461 Christum.
3135 2368 3346 2438 Prior
3399 2366 3510 2438 illi
3559 2391 3751 2437 uxor
3806 2379 3963 2436 erat

790 2541 842 2576 „
895 2490 1329 2587 Xanthippe
1373 2546 1393 2578 ‚
1478 2499 1913 2567 morositate
1979 2520 2173 2593 quae
2238 2488 2373 2568 sua
2445 2490 2622 2566 satis
2676 2492 3078 2562 innotuit·
3060 2543 3081 2577 ,
3155 2486 3428 2578 altera,
3460 2513 3724 2593 quam
3782 2501 3965 2556 tunc

668 2694 677 2701 ι
793 2657 847 2694 ,,
901 2604 1170 2692 duxit,
1240 2612 1563 2704 Myrto.
1622 2608 1849 2698 Quod
1901 2613 2187 2706 duplici
2241 2606 2390 2680 hoc
2451 2610 2940 2682 matrimonio
2991 2604 3324 2680 lucratus
3382 2621 3532 2696 est,
3586 2607 3667 2675 id
3719 2603 3967 2676 solum

791 2773 843 2814 „
897 2724 1079 2814 fuit,
1134 2741 1221 2799 ut
1264 2730 1594 2826 perversi
1660 2728 1894 2803 moris
1934 2729 2120 2801 duas
2184 2710 2496 2801 baberet
2552 2748 2825 2799 uxores
2876 2752 3020 2827 pro
3066 2752 3274 2818 una,
3328 2752 3484 2833 quo
3538 2725 3631 2798 ad
3685 2727 3970 2829 patien-

789 2899 841 2935 „
899 2846 1078 2917 tiam
1143 2859 1218 2919 et
1279 2844 1731 2947 obsequium
1784 2848 2018 2949 magis
2064 2874 2141 2922 se
2190 2862 2595 2925 exerceret.
2710 2848 2904 2920 Cum
2964 2843 3358 2931 discordes
3408 2851 3608 2920 inter
3678 2872 3756 2922 se
3789 2872 3966 2946 age-

682 2958 693 2969 ’
788 3018 840 3057 ,,
896 2982 1111 3058 rent,
1178 2968 1510 3042 rixarum
1568 2985 1727 3044 erat
1781 2975 2268 3072 perpetuitas.
2376 2964 2660 3043 Ambae
2712 2971 2893 3044 istae
2950 2970 3278 3043 feminae
3328 2964 3544 3070 diem⁸
3581 2995 3966 3044 consume-

787 3141 839 3180 „
894 3088 1081 3162 bant
1149 3092 1580 3165 altercando
1612 3147 1631 3182 ,
1715 3093 2163 3182 clamando,
2235 3090 2679 3191 pugnando.
2785 3096 2916 3165 Sin
2980 3094 3184 3165 inter
3243 3118 3321 3166 se
3384 3096 3902 3167 consentirent
3935 3147 3958 3183 ‚
4041 3153 4050 3156 -

702 3209 709 3216 ’
758 3209 841 3301 ’,,
896 3236 1306 3292 consensus
1371 3215 1497 3287 hic
1555 3217 1636 3286 in
1700 3219 1954 3290 miseri
2009 3216 2333 3287 Socratis
2391 3228 2620 3314 caput
2693 3211 3121 3287 recidebat·
3104 3241 3126 3305 3
3206 3218 3651 3316 saepiusque
3687 3272 3708 3308 ,
3760 3232 3961 3316 post-

790 3388 843 3423 „
899 3361 1130 3430 quam
1179 3323 1495 3431 linguae
1542 3337 1873 3409 verbera
1927 3336 2082 3409 ab
2065 3340 2153 3411 tis
2212 3351 2403 3410 esset
2452 3351 2846 3436 expertus,
2902 3333 3141 3437 alapis
3188 3340 3269 3410 in
3309 3365 3485 3412 eum
3530 3342 3961 3442 pugnisque
4025 3353 4034 3366 “

792 3507 845 3544 ,,
899 3449 1488 3542 invehebantur3
1538 3467 1614 3524 et
1638 3459 1957 3551 pessime
1984 3455 2491 3527 mulctabatur
2516 3455 3318 3554 infelixPhilosophus.
3375 3457 3516 3533 Sed
3542 3488 3960 3562 sanequam

792 3628 845 3665 ,‚
900 3574 1104 3647 haud
1165 3590 1460 3674 praeter
1518 3571 1877 3651 meritum
1942 3573 2370 3672 patiebatur
2419 3572 2704 3646 malum
2736 3628 2756 3665 ,
2842 3575 3052 3672 quod
3102 3581 3258 3675 ipsc
3306 3571 3448 3666 sibi
3512 3585 3902 3656 intriverat
3933 3640 3986 3672 ‚.

742 3789 749 3792 .
792 3747 844 3786 „
901 3699 1034 3798 qui
1085 3693 1409 3796 exempli
1463 3696 1580 3769 sui
1637 3697 2163 3768 auctoritatem
2221 3696 2694 3793 praestiterat
2739 3697 3273 3766 consuetudini
3307 3751 3328 3786 ,
3399 3725 3592 3794 quae
3637 3707 3962 3776 Naturae
4075 3726 4082 3729 ’

792 3874 846 3910 ,,
899 3816 1083 3892 adeo
1121 3805 1604 3909 adversatur,
1659 3833 1734 3891 et
1774 3817 2181 3890 hominum
2221 3814 2570 3889 Societati
2611 3832 2764 3888 tam
2803 3809 2914 3889 est
2949 3809 3396 3914 perniciosa.
3503 3822 3802 3890 Etenim
3846 3848 3964 3926 res

793 3993 846 4031 ‚,
904 3953 1015 4013 est
1050 3940 1470 4024 rationibus
1508 3956 1584 4013 et
1637 3935 2024 4012 subductis
2076 3937 2378 4014 calculis
2426 3937 2880 4025 certissima,
2936 3964 3343 4010 numerum
3403 3942 3772 4030 marium,
3828 3949 3964 4042 qui

794 4113 850 4152 „
903 4068 1313 4159 quotannis
1367 4065 1449 4135 in
1506 4085 1777 4159 genere
1842 4060 2185 4133 humano
2245 4076 2703 4166 nascantur,
2760 4085 3057 4159 semper
3122 4085 3446 4139 numero
3503 4059 3962 4139 feminarum

796 4234 850 4272 „
902 4183 1130 4279 paulo
1186 4207 1339 4256 esse
1396 4185 1817 4279 majorem:
1892 4185 2064 4273 Quo
2129 4197 2423 4255 constet
2485 4184 2802 4255 Numini
2833 4237 2853 4271 ,
2938 4184 3074 4282 qui
3135 4183 3487 4257 conditor
3550 4202 3661 4259 est
3736 4188 3969 4287 hujus

790 4357 845 4396 „
902 4305 1284 4393 Universi,
1340 4307 1816 4406 propositum
1863 4329 2263 4403 nunquam
2323 4303 2606 4403 fuisse,
2679 4320 2770 4377 ut
2817 4328 3020 4377 unus
3079 4307 3196 4393 vir
3243 4306 3500 4408 plures
3541 4309 3704 4408 ‚una
3748 4310 3968 4385 habe-

795 4483 848 4522 „
903 4442 1019 4500 ret
1071 4448 1398 4500 uxores:
1469 4426 1940 4525 Nullamque
1995 4426 2179 4499 adeo
2239 4442 2351 4501 est
2419 4422 2739 4500 dubium
2775 4482 2796 4516 ,
2879 4427 3070 4526 quin
3136 4444 3402 4520 contra
3461 4434 3786 4506 Naturae
3846 4439 3971 4510 Di-

798 4607 849 4644 „
902 4556 1267 4649 vinasque
1327 4561 1495 4647 agat
1547 4551 1775 4646 Leges
1810 4603 1831 4637 ,
1904 4551 2037 4647 qui
2113 4547 2298 4620 duas
2353 4533 2702 4652 pluresve
2763 4549 2907 4623 sibi
2976 4551 3331 4649 conjuges
3401 4553 3632 4627 simul
3704 4558 3960 4656 societ.

796 4725 852 4764 „
906 4676 1210 4746 Etiamsi
1279 4691 1680 4772 supremus
1756 4668 2057 4741 illarum
2132 4683 2404 4744 auctor
2486 4672 2898 4773 aliquando
2978 4678 3422 4772 progeniem
3516 4678 3840 4780 Israelis,
3874 4682 3964 4751 iis

790 4849 851 4886 „
904 4794 1221 4892 Legibus
1281 4795 1622 4884 solverit,
1690 4792 1910 4894 venia
1960 4790 2053 4863 ad
2103 4791 2182 4863 id
2104 4797 2642 4973 *perspicue
2711 4795 2945 4888 data,
3021 4795 3230 4872 haud
3281 4813 3478 4874 recte
3530 4814 3785 4876 tamen
3839 4798 3966 4871 alii

797 4969 851 5008 „
906 4916 1038 4990 illo
1092 4940 1167 4990 se
1226 4918 1568 5018 exemplo
1612 4885 2049 4992 defendant.
3789 4921 3808 4950 ¹
