5038 5975
1349 478 1528 554 DE
1653 426 2361 593 ntoAM1i
2483 468 3286 546 soanris
3895 465 4053 550 mm

654 674 1364 775 trahere1videatur.
1472 672 1700 766 Quod
1754 671 1847 747 de
1899 674 2233 772 imperiis
2302 693 2407 745 ac.
2449 663 3025 769 Rebuspublicis
3051 723 3072 756 ‚
3128 664 3222 742 de
3287 665 3560 766 opibus
3623 660 3904 740 civium
3962 690 4051 742 ac
4107 703 4328 771 θεοῦ,
4367 702 4453 775 Π·

649 806 961 890 divitiis,
1018 801 1109 870 de
1153 800 1499 898 potentia
1525 822 1835 895 regum,
1890 795 2343 895 fortunaque
2375 793 2842 896 populorum
2891 789 3194 881 bellica,
3245 792 3520 891 passim
3571 789 4047 885 observatum
4179 782 4260 865 'S-
4304 803 4367 863 7·

648 924 731 1001 id
785 925 875 995 de
943 923 1285 994 doctrina
1318 977 1341 1014 ,
1418 921 1512 994 de
1572 918 1997 992 eruditione
2028 975 2047 1010 ,
2103 919 2197 993 de
2251 918 2540 991 artibus
2602 911 3037 987 liberalibus
3078 938 3346 987 verum
3402 939 3710 1013 quoque
3771 917 4051 1015 reperi-

648 1071 871 1119 mus:
931 1045 1256 1138 Quando
1308 1044 1401 1116 ad
1461 1044 1747 1141 apicem
1804 1057 2120 1115 ventum
2164 1057 2315 1135 est,
2371 1064 2565 1141 quae
2620 1036 2849 1111 modo
2900 1052 3330 1128 creverant,
3384 1037 3805 1110 decrescere
3860 1039 4051 1111 inci·

647 1172 914 1268 piunt:
972 1170 1243 1266 Copia,
1300 1192 1492 1266 quae
1528 1189 1825 1238 summa
1869 1179 2019 1254 est,
2075 1168 2232 1265 ipsa
2282 1168 2436 1263 jam
2485 1177 2749 1251 nocet,
2802 1162 3234 1261 sensimque
3280 1162 3614 1260 inopiam
3659 1161 3882 1259 parit.
3923 1200 4050 1263 .—

644 1293 814 1362 Tria
877 1291 1355 1389 potissimum
1390 1343 1414 1381 ,
1489 1301 1870 1388 quantum
1958 1288 2310 1386 equidem
2390 1288 2826 1361 noverimus
2854 1338 2878 1376 ,
2948 1310 3039 1356 ex
3087 1286 3580 1359 remotissimi
3636 1281 4045 1389 hominum

645 1413 1054 1501 memoria,
1107 1428 1477 1487 notantur
1526 1427 1915 1507 tempora,
1968 1409 2248 1507 quibus
2284 1411 2678 1508 ingenium
2733 1408 3158 1480 humanum
3208 1421 3284 1479 et
3318 1410 3794 1506 superiorum
3828 1410 4054 1507 operi

650 1549 727 1606 et
777 1557 953 1605 suae
1003 1535 1240 1631 ipsius
1294 1532 1552 1603 aetatis
1596 1529 1974 1602 laboribus
2030 1534 2112 1602 in
2157 1532 2517 1604 altissimo
2565 1530 2858 1628 fastigio
2910 1533 3157 1604 stetit:
3209 1532 3557 1620 Quorum
3611 1546 4051 1630 temporum

648 1657 863 1755 prior
898 1670 1096 1728 aetas
1138 1652 1284 1727 fuit
1328 1652 1799 1725 Athenarum
1840 1666 1915 1723 et
1961 1655 2320 1727 Graeciae'
2365 1679 2409 1725 a
2454 1652 2732 1725 Pericle
2787 1651 2963 1724 inde
3009 1677 3251 1752 usque
3306 1652 3400 1724 ad
3444 1650 3848 1725 Alexandri
3897 1658 4056 1729 Ma·

646 1778 783 1875 gni
833 1791 1210 1867 mortem3
1264 1775 1595 1849 secunda
1640 1799 1683 1845 a
1728 1773 2138 1866 natalibus,
2194 1792 2281 1849 ut
2338 1779 2443 1848 ita
2482 1776 2765 1865 dicam,
2822 1763 3206 1848 Ciceronis
3242 1798 3484 1872 usque
3521 1774 3617 1846 ad
3660 1774 4050 1853 decessum

646 1903 1007 1998 Augusti:
1063 1902 1399 1972 Tertium
1469 1896 1800 1995 denique
1860 1898 2245 1971 saeculum
2286 1952 2309 1990 ,
2380 1895 2593 1996 quod
2653 1894 2920 1969 studiis
2976 1896 3365 1969 doctrinae
3425 1911 3651 1995 atque
3703 1896 4056 1972 humani·

649 2025 822 2094 tatis
871 2022 1081 2094 velut
1128 2016 1681 2123 aureum-fuit,
1736 2033 1987 2117 patres
2043 2037 2385 2105 nostros,
2441 2021 2576 2118 qui
2619 2021 3128 2118 provectiores
3180 2033 3418 2093 aetate
3468 2040 3732 2094 sumus
3759 2077 3781 2112 ,
3835 2036 4060 2095 testes

649 2142 918 2217 habuit
957 2169 1321 2243 avosque:
1375 2146 1517 2215 Ter
1567 2167 1875 2242 quoque
1918 2168 1961 2215 a
2003 2169 2308 2219 summo
2350 2140 2484 2216 illo
2517 2144 2795 2227 vertice
2832 2168 2970 2245 per
3007 2141 3268 2215 eadem
3299 2139 3612 2215 declivia
3659 2144 4057 2241 ingenium

647 2263 1077 2338 humanum
1135 2265 1563 2340 descendit:
1621 2267 1853 2364 Cujus
1903 2284 2333 2369 perpetuae·
2368 2282 2445 2340 et
2509 2268 2592 2338 in
2639 2264 2800 2365 ipsa
2854 2267 3359 2341 inconstantia
3409 2268 4058 2341 constantissimae

646 2390 1095 2461 mutationis
1139 2414 1383 2484 quum
1430 2392 1760 2461 rationes
1778 2393 2203 2495 'exquirere
2243 2402 2320 2455 et
2373 2410 2764 2472 enarrare,
2819 2401 2998 2461 utut
3039 2376 3677 2478 jucundissimum
3712 2402 3787 2457 et
3831 2413 4058 2484 peru-

652 2506 783 2576 tile
817 2559 837 2593 ,
913 2533 954 2577 a
1012 2521 1273 2575 nostro
1337 2520 1590 2577 tamen
1642 2517 2092 2601 argumento
2146 2505 2515 2577 remotius
2568 2500 2764 2576 foret
2793 2556 2817 2595 ,
2893 2519 3329 2604 opportune
3374 2500 3641 2577 accidit
3679 2557 3700 2595 ,
3763 2521 3852 2576 ut
3900 2522 4058 2581 tam

652 2624 795 2697 hac
843 2627 927 2696 in
957 2650 1066 2713 *re
1140 2649 1370 2724 quam
1432 2627 1516 2696 in
1589 2627 1724 2717 iis,
1788 2649 1983 2729 quae
2014 2680 2034 2718 ,
2095 2626 2209 2700 ad
2270 2649 2606 2720 caussam
2663 2641 2997 2699 nostram
3057 2627 3522 2726 spectantia,
3568 2626 3668 2697 de
3717 2623 4055 2709 Saeculo

649 2746 1289 2820 Ptolemaeo-rum
1357 2746 1578 2821 nobis
1636 2747 1954 2822 dice'nda
1980 2764 2227 2843 sunt,
2282 2750 2723 2823 testimonio
2780 2763 2856 2822 et
2907 2736 3155 2823 verbis
3205 2752 3323 2822 uti
3367 2749 3585 2822 liceat
3639 2751 3803 2823 Viri
3850 2753 4061 2848 inge·

649 2871 783 2941 nio
861 2886 1089 2968 atque
1156 2871 1584 2947 eruditione
1640 2871 2164 2966 excellentis,‘
2202 2877 2411 2947 Cmt.
2486 2877 2582 2945 G.
2655 2877 2971 2946 Hermi
3041 2874 3195 2971 (1):
3271 2875 3595 2944 Utemur
3644 2885 3900 2946 autern
3961 2896 4053 2951 eo

646 2989 1080 3079 lubentius,
1135 2994 1388 3089 quod,
1445 3019 1639 3092 quae
1678 2999 2148 3094 cogitatione
2190 2996 2484 3070 dudum
2536 2971 2833 3071 eramus
2864 2996 3281 3095 complexi,
3334 2994 3522 3067 dum
3561 2994 3760 3068 hanc
3802 2995 4058 3095 dispu-

651 3114 1017 3186 tationem
1080 3128 1417 3186 nostram
1464 3115 2053 3205 meditaremur,
2108 3120 2366 3190 eadem
2425 3121 2518 3194 ab
2563 3120 2708 3200 illo
2763 3137 2918 3192 tam
2977 3134 3195 3218 apte,
3249 3131 3404 3190 tam
3454 3114 3832 3217 praeclare
3885 3142 4060 3217 pro·

548 3217 561 3232 ⁶
644 3236 896 3332 posita
962 3258 1046 3302 ac
1096 3234 1466 3332 descripta
1522 3238 1999 3328 invenimus,
2055 3252 2144 3311 ut
2220 3238 2341 3311 vel
2395 3209 2829 3314 ornamenti
2887 3241 3125 3338 gratia
3182 3240 3366 3315 huic
3417 3265 3689 3339 operae
3758 3254 4056 3316 nostrae

650 3360 985 3428 intexere
1037 3379 1119 3424 ea
1164 3352 1568 3446 vellemus,
1624 3361 1768 3425 nisi
1808 3362 2048 3452 major
2091 3378 2473 3456 praetcrea
2525 3367 2606 3433 in
2657 3362 2858 3436 illius
2912 3364 3328 3456 sententia,
3383 3386 3616 3462 quam
3668 3366 3750 3434 in
3800 3361 4059 3436 nostri

652 3480 994 3578 ipsorum
1050 3477 1459 3573 opinione,
1514 3477 1917 3547 auctoritas
1975 3501 2128 3548 esse
2178 3479 2587 3552 videretur.

753 3605 947 3672 Vere
1002 3596 1226 3670 illam
1278 3598 1574 3697 ingenii
1628 3594 1961 3668 humani
2013 3613 2390 3669 naturam
2438 3607 2832 3673 Hermus
2886 3598 2993 3697 (a)
3058 3627 3213 3675 esse
3257 3603 3585 3698 judicat,
3645 3617 3704 3648 ‘⁴'
3751 3622 3839 3677 ut
3897 3607 4057 3704 ipsa
4089 3625 4267 3687 Vera
4321 3631 4489 3689 1121..

652 3741 708 3813 „
767 3722 1228 3822 expolitione
1282 3735 1357 3791 et
1408 3718 1906 3792 humanitatis
1960 3719 2171 3790 cultu
2220 3733 2628 3811 atteratur,
2682 3738 2759 3794 et
2795 3723 3191 3818 asperitate
3233 3722 3521 3794 detersa
3563 3724 3837 3812 robur,
3893 3730 4064 3798 sim·
4082 3721 4468 3842 ῗιὲαἶῐθωω·

648 3897 711 3934 „
768 3844 1101 3945 plicitate
1142 3841 1475 3916 detracta
1530 3842 1863 3912 nativam
1898 3841 2055 3910 vim
2103 3842 2472 3913 amittat·”
2541 3849 2768 3920 ,Vere
2813 3845 3040 3918 etiam
3095 3842 3272 3916 inde
3324 3852 3381 3888 “
3418 3846 3762 3942 copiosae
3805 3870 4058 3943 vagae·

656 4019 714 4056 „
770 3993 920 4063 quc
980 3967 1368 4038 doctrinae
1420 3965 1695 4060 repetit
1734 3961 2261 4052 incommoda,
2316 3988 2636 4061 eamque
2683 3989 3007 4055 noxam,
3061 3990 3292 4063 quam
3343 3965 3733 4038 literarum
3780 3968 4059 4041 multa-

658 4139 713 4175 „
771 4110 945 4155 rum
998 4089 1214 4183 copia
1270 4085 1595 4179 ingeniis
1656 4086 1868 4156 omni
1920 4099 2261 4183 tempore
2318 4084 2659 4157 intulit.”
2761 4084 2989 4159 'Nullo
3049 4101 3304 4158 autem
3347 4063 3689 4187 tempore
3752 4069 3890 4164 ista
3950 4096 4059 4164 in-

660 4205 1059 4280 commoda
1111 4221 1243 4277 aut
1302 4206 1585 4301 majora
1636 4202 1951 4278 fuerunt
2013 4221 2146 4279 aut
2217 4209 2449 4305 magis
2516 4208 2839 4303 insignia
2870 4259 2892 4296 ,
2972 4232 3203 4309 quam
3270 4234 3424 4308 quo
3495 4227 3668 4311 post
3722 4187 4088 4291 summos⁸

660 4331 913 4403 omnis
967 4325 1353 4400 doctrinae
1381 4379 1403 4417 ,
1469 4324 1947 4424 eloquentiae
1980 4381 2000 4414 ,
2065 4344 2141 4400 et
2201 4331 2377 4401 artis
2432 4345 2777 4401 auctores
2837 4354 3138 4429 sperare
3199 4357 3428 4407 nemo
3485 4348 3785 4433 poterat
3815 4392 3836 4428 ,
3892 4341 4058 4411 imi·
4108 4407 4118 4427 ‚

662 4450 894 4524 tando
944 4475 1020 4524 se
1071 4449 1240 4523 illos
1291 4472 1638 4550 unquam
1687 4464 2246 4543 assecuturum;
2299 4453 2698 4552 ipsa'vero
2753 4450 3081 4528 eruditio
3119 4456 3620 4531 Grammatica
3650 4512 3670 4547 ,
3726 4483 3919 4557 quae
3945 4460 4061 4538 'ad

658 4775 665 4784 '
740 4760 827 4838 (t)
865 4762 934 4818 In
984 4763 1321 4823 Prohsione
1371 4763 1455 4826 do
1506 4764 1711 4829 Genio
1757 4765 2016 4830 &oculi
2060 4755 2578 4834 Ptoleniaeoru'm
2600 4821 2626 4849 ,
2681 4776 2852 4858 quod
2897 4793 3031 4839 eum
3070 4775 3394 4843 ductas-1⁶0
3446 4791 3635 4840 exstat
3696 4777 3850 4838 inter
3898 4773 4056 4840 imus

828 4883 838 4893 ·
947 4863 1264 4940 opuscula
1315 4859 1725 4938 Academica
1744 4917 1776 4954 ,
1814 4875 1951 4937 Vol,
1994 4876 2041 4934 1.
2087 4891 2230 4957 pag.
2283 4878 2378 4954 76.
2416 4899 2580 4961 seqq.

743 4967 830 5050 (a)
870 4969 928 5028 d.
971 4971 1015 5033 l.
1051 4988 1188 5051 pag.
1231 4970 1333 5043 8⁴.

3508 5174 3674 5252 ΒΞ
