5038 5975
1070 471 1210 546 η,
1944 385 3798 523 LEcT1oursArrtcAn'

836 643 894 686 ¹⁰
919 629 1002 690 ¹¹·
1068 644 1577 732 narrationes,
1629 663 1825 741 quae
1899 643 2272 747 vulgatae
2327 647 2679 741 opinioni
2739 646 3185 719 contrariae
3249 647 3654 740 minusque
3688 637 4133 739 probabiles
4175 656 4463 728 essent.‘

582 617 589 630 '
677 628 831 782 Sa?

865 724 963 784 ²9·

1068 765 1358 840 Idcirco
1400 780 1478 839 et
1510 763 1857 840 laudatus
1910 766 2041 841 ille
2076 821 2101 855 ,
2171 768 2419 842 statua
2461 766 2796 866 sanoque
2845 766 2940 840 ab
2971 771 3152 870 ipsis
3203 783 3519 842 ornatus
3557 764 4198 853 Atheniensibus,
4272 789 4464 864 quos

1065 912 1232 964 sera
1290 885 1617 961 ducebat
1673 891 2197 989 poenitentia,
2263 875 2564 990 scriptis
2610 905 2687 963 et
2739 892 3259 964 monumentis
3330 886 3867 988 Xenophontis
3925 890 4459 986 Platonisque,

1063 1011 1510 1111 principum
1560 1012 1921 1086 Virorum
1951 1067 1973 1105 ,
2029 1012 2448 1088 celebratus
2490 1017 2869 1104 Socrates,
2940 1016 3130 1115 καινῷ
3201 1042 3315 1090 we
3373 1012 3484 1090 xa}
3531 1011 3872 1123 παραδόξῳ
3918 1011 4103 1115 alyn
4133 999 4248 1088 'ab
4300 1011 4464 1082 Ari·

1062 1147 1425 1222 stoxeno,
1480 1147 1569 1206 ut
1623 1135 1941 1233 ingenio
1990 1161 2131 1211 suo
2182 1134 2612 1235 indulgeret
2656 1191 2676 1227 ,
2741 1136 2838 1210 ad
2880 1138 3474 1225 sordidissimos,
3536 1140 4049 1238 turpissimos,
4108 1135 4466 1208 omnium
4511 1226 4564 1256 Γ

952 1307 961 1320 ,
1062 1261 1322 1328 rerum
1391 1257 1999 1355 imperitissimos
2063 1259 2417 1332 homines
2488 1270 2651 1331 erat
2719 1258 3306 1351 detrudendus3
3360 1284 3444 1335 ac
3493 1262 3927 1334 communis
3976 1274 4463 1360 posterorum

1064 1369 1307 1469 fama,
1363 1378 1625 1452 audito
1680 1404 1845 1454 non
1886 1385 2104 1482 prius
2152 1397 2639 1471 commento,
2714 1400 2877 1457 erat
2931 1381 3453 1485 perturbanda
3498 1409 3516 1455 z
3588 1380 3816 1473 Quod
3866 1395 4119 1454 tamen
4172 1381 4460 1475 vitupe-

1062 1498 1284 1572 randi
1338 1499 1458 1574 vel
1525 1506 1784 1601 potius
1860 1503 2375 1578 calumniandi
2438 1505 2782 1579 studium
2816 1559 2840 1596 ‚
2917 1520 3009 1579 ut
3055 1507 3238 1578 novi
3313 1503 3501 1604 quid
3562 1500 3967 1603 protulisse
4031 1500 4459 1586 videretur,

619 1635 974 1696 Ριυτιιοιιι
1062 1635 1365 1697 tantum
1437 1622 1649 1699 abest
1686 1678 1711 1716 ,
1785 1641 1875 1701 ut
1950 1633 2546 1703 Pam-aucuns
2611 1626 3125 1704 excusandum
3186 1623 3638 1723 judicaverit
3686 1678 3710 1716 ,
3776 1639 3867 1698 ut
3922 1625 4459 1698 Aristoxenum

602 1713 935 1790 judtcium
950 1712 1036 1775 de

622 1794 758 1850 Vita
807 1793 1033 1854 Socra-

1059 1731 1326 1820 cdntra
1378 1747 1842 1824 severissime
1894 1765 2299 1851 propterea
2354 1750 2976 1852 reprehenderit:
3055 1754 3402 1850 Namque
3464 1748 3668 1824 idem
3717 1747 3892 1838 ille,
3957 1769 4191 1844 quem
4240 1746 4464 1815 Mm-

618 1873 705 1926 eis
732 1875 992 1966 Aristo·
1056 1893 1428 1945 annuus
1493 1869 1599 1966 (3)
1670 1887 1894 1970 putat
1936 1927 1959 1964 ‚
2046 1879 2103 1918 ‘⁶
2154 1873 2416 1948 multis
2472 1873 2707 1947 fidem
2774 1872 3203 1948 adhibuisse
3245 1926 3272 1959 ,
3357 1897 3594 1970 quam
3649 1867 3861 1942 haud
3917 1863 4454 1952 merebantur;

616 1955 851 2012 cauea.

1059 2041 1113 2081 „
1169 1990 1413 2065 multa
1459 2015 1603 2092 pro
1652 1997 1852 2069 veris
1891 1996 2306 2094 accepisse,
2374 2020 2572 2093 quae
2637 1993 2942 2067 fuerant
2998 1992 3406 2093 rejicienda
3423 1992 3495 2084 ;’'
3542 2033 3656 2050 —
3726 1991 3930 2065 idem
3997 2005 4257 2062 tamen
4325 1981 4458 2057 ille

1053 2112 1502 2188 Plutarchus
1553 2117 1634 2186 in
1680 2141 1762 2189 re
1813 2117 2185 2189 Socratica
2232 2117 2484 2189 multo
2535 2116 2682 2186 fuit
2748 2115 3122 2186 oculatior
3169 2136 3402 2213 quam
3459 2114 3760 2185 caeteri.
3863 2109 4085 2184 Solus
4139 2107 4268 2178 ille
4307 2108 4458 2179 Pa-

1050 2215 1401 2307 naetium¹
1437 2233 1825 2308 Rhodium
1856 2275 1891 2323 -‚
1968 2239 2105 2332 qui
2144 2237 2570 2330 Digamiam
2626 2233 3080 2302 Socraticam
3130 2232 3450 2328 negabat
3474 2286 3496 2319 ‚
3557 2246 3636 2304 et
3666 2229 3999 2306 laudavit
4040 2243 4117 2302 et
4152 2241 4459 2301 secutus

1046 2369 1213 2428 est:
1268 2354 1489 2428 Solus
1536 2353 1665 2427 ille
1712 2353 1808 2427 de
1883 2353 2126 2427 Vicae
2194 2349 2655 2426 Socraticae
2695 2352 3076 2451 Scriptore
3128 2375 3302 2427 vere
3340 2350 3705 2450 judicavit
3742 2352 3889 2452 (4),
3943 2378 4122 2427 eum
4172 2373 4456 2452 suppa-

1047 2497 1213 2550 rem
1284 2501 1441 2551 esse
1507 2480 1561 2521 ‘⁴
1616 2478 1709 2551 iis
1747 2478 1931 2578 qui,
1984 2473 2173 2549 dum
2229 2475 2799 2549 calumniantur
2833 2529 2855 2564 ‚
2928 2471 3261 2578 obliquis
3306 2474 3517 2549 velut
3571 2475 3739 2551 telis
3790 2502 3884 2550 ex
3928 2474 4230 2551 occulto
4280 2475 4458 2570 usi,-

1047 2650 1109 2689 ,‚
1160 2625 1341 2672 mox
1398 2601 1671 2675 emisso
1749 2602 1907 2675 ictu
1983 2626 2124 2703 per
2191 2598 2542 2699 ambages
2628 2597 3122 2674 retrocedunt
3200 2623 3512 2700 seseque
3583 2597 3973 2673 occultant
4008 2652 4033 2690 ‚
4115 2600 4458 2699 quique}

1050 2775 1107 2812 ‚‚
1162 2722 1491 2798 malitiae
1548 2725 1656 2797 sic
1727 2722 2225 2824 adjungentes
2279 2722 2913 2811 illiberalitatem,
3000 2747 3161 2796 non
3237 2738 3540 2798 tantum
3595 2723 3969 2823 malignos
4024 2744 4182 2798 sese
4257 2743 4452 2821 pro-

1050 2893 1105 2937 „
1161 2842 1362 2920 dunt
1413 2861 1640 2948 atque
1688 2846 2118 2948 improbos,
2174 2847 2308 2921 sed
2351 2862 2428 2921 et
2482 2850 2789 2948 ignavos
2832 2874 2856 2938 3
2931 2846 3140 2921 haud
3192 2846 3465 2949 procul
3528 2847 3809 2923 scilicet
3867 2845 3963 2919 ab
4005 2848 4151 2920 isto
4205 2841 4447 2916 homi·

1050 3020 1106 3061 „
1160 2993 1352 3043 num
1417 2995 1693 3071 genere
1738 2970 1989 3048 abesse
2038 2996 2215 3062 eos,
2273 2974 2410 3073 qui
2454 2971 3148 3074 vituperationibus
3196 2974 3354 3048 suis
3399 2970 3968 3074 qualescunque
4013 2968 4444 3040 immiscent

1049 3145 1104 3185 ‚,
1161 3090 1462 3183 laudes;
1521 3094 1745 3168 talem
1789 3111 2045 3170 autem
2098 3121 2260 3171 sese
2311 3099 2395 3171 in
2464 3096 2552 3172 V
2547 3097 2663 3169 ἰιά
2713 3093 3064 3171 Socratis
3118 3099 3573 3200 praestitisse
3616 3095 4146 3165 Aristoxenum
4178 3140 4199 3177 ,
4251 3086 4442 3182 qui,
4565 3179 4574 3185 ⁶
4691 3180 4702 3185 „

1051 3270 1107 3308 ‚,
1160 3241 1401 3317 quum
1454 3242 1631 3291 eum
1688 3218 1971 3293 diceret
2024 3234 2099 3294 et
2146 3220 2549 3294 indoctum·
2599 3236 2676 3292 et
2738 3220 3136 3291 literarum
3197 3214 3472 3284 rudem
3533 3224 3612 3287 et
3662 3213 4313 3303 inaemperancem
4361 3229 4452 3277 ac

1050 3393 1104 3431 ,‚
1157 3338 1701 3429 libidinosum,
1758 3341 1878 3416 his
1927 3342 2358 3442 opprobriis
2422 3351 2734 3408 tenuem
2788 3331 3207 3407 admodum
3273 3326 3651 3401 addiderit
3697 3324 4000 3403 lau‘dem
4042 3382 4064 3417 ‚
4152 3331 4272 3403 ica
4324 3344 4456 3400 ca·-

1045 3513 1107 3553 ‚,
1160 3488 1341 3531 men
1401 3488 1579 3535 eum
1645 3463 2142 3535 mulierosum
2178 3458 2488 3555 fuisse,
2579 3469 2672 3526 uc
2756 3454 3130 3553 injuriam
3190 3455 3500 3526 maricis
3571 3473 3737 3523 non
3777 3447 4189 3545 facerec.”
4286 3450 4453 3546 (Sic

1048 3585 1255 3658 enim
1321 3585 1691 3660 celebrata
1736 3588 1876 3659 ista
1930 3610 2061 3659 seu
2115 3585 2373 3684 potius
2424 3577 2796 3653 invidiosa
2836 3577 3260 3652 Aristoxeni
3316 3546 3588 3649 verbb:
3643 3571 3889 3653 Atracia
3942 3570 4015 3652 δὲ
4065 3575 4138 3647 οὐ
4189 3578 4451 3672 πραςῆν,

1047 3706 1636 3809 interpretanda
1679 3713 2138 3803 censemus.)
2236 3710 2486 3801 Quem
2527 3697 2915 3775 Plutarchi
2976 3697 3231 3772 locum
3285 3698 3473 3774 dum
3537 3700 3702 3775 Viri
3751 3700 3974 3773 Docti
4022 3725 4182 3774 non
4238 3703 4451 3796 igno·

1048 3845 1368 3920 rarunt,
1425 3832 1667 3903 miror
1722 3856 1977 3904 veram
2033 3832 2194 3927 ejus
2242 3828 2700 3903 sententiam
2746 3826 2850 3902 ita
2907 3822 3058 3899 illis
3102 3836 3570 3922 perspectam
3612 3846 3770 3890 non
3813 3819 4041 3891 fuisse
4071 3873 4093 3908 ‚
4158 3834 4247 3891 ut
4301 3820 4486 3911 ali-,

1050 3955 1239 4055 quid
1286 3952 1607 4027 valuerit
1654 3952 1747 4025 ad
1800 3950 2227 4049 regundum
2270 3975 2535 4021 eorum
2584 3947 2677 4016 de
2737 3949 3180 4047 Aristoxeno
3227 3940 3630 4040 judicium.
3721 3908 3902 4029 Qui
3957 3940 4168 4012 enim
4225 3940 4458 4041 plane

1049 4093 1129 4149 et
1184 4093 1440 4172 aperte
1498 4073 1761 4142 scribit
1811 4079 1865 4110 ‘⁸
1918 4069 2447 4136 Aristoxenum
2506 4061 3122 4164 qualemcunque
3167 4063 3470 4137 laudem
3524 4063 3634 4158 (si
3668 4083 3752 4132 ea
3783 4058 3943 4133 laus
3980 4073 4093 4132 est
4120 4060 4452 4166 aliquem

938 4186 957 4197 '
1056 4244 1108 4286 „
1165 4214 1329 4266 non
1382 4186 1611 4262 fuisse
1653 4183 2129 4286 adulterum)
2178 4226 2300 4246 --
2351 4188 2867 4265 tenuissimam
2906 4189 3134 4287 igitur
3177 4188 3400 4269 istam
3443 4181 3745 4265 laudem
3783 4182 4237 4290 turpissimis
4277 4211 4456 4286 pro·

4293 4306 4450 4383 bris

1177 4578 1267 4661 (3)
1342 4578 1407 4644 d.
1447 4566 1635 4638 Temo
1670 4576 1723 4638 1.
1762 4592 1904 4656 pag.
1944 4593 2082 4638 aro.
2165 4580 2225 4615 “
2260 4570 2621 4649 Plutarch,
2660 4570 3016 4636 der-violer»
3053 4588 3345 4653 xum,
3384 4576 3496 4641 die
3544 4592 3617 4642 n
3667 4574 4276 4657 αἰοῦηυνᾱὶσηωπ,
4316 4574 4454 4641 und

1339 4728 1394 4757 ,‚
1432 4682 1635 4743 violes
1670 4678 2004 4754 amulam,
2043 4696 2177 4745 rme
2210 4698 2286 4745 er
2318 4680 2495 4748 blm
2532 4679 2882 4765 «κανονίαι
2914 4680 3136 4747 sollen-
3167 4679 3301 4733 —''

1175 4786 1266 4870 (6)
1342 4787 1495 4851 vide
1527 4803 1706 4869 supra
1746 4785 1927 4848 Num.
1972 4787 2024 4847 L·
2098 4794 2109 4805 ‘
