5038 5975
1021 449 1164 504 ns
1633 513 1640 524 ,
1838 430 2740 544 vscrtnuts
2867 431 3664 526 ΑΤ·ΤῙΟΔΕ.«;

635 618 961 774 &gwn-
1024 626 1474 734 Philologis,
1531 630 1666 730 qui
1712 626 2025 706 Athenis
2076 645 2209 705 aut
2252 629 2742 708 Alexandriae
2798 629 3151 708 vivebant
3177 682 3201 724 ,
3253 632 3412 706 sive
3449 632 3580 710 alii
3625 635 4060 736 cuicunque
4107 639 4421 721 demum

805 714 915 770 κ*
1024 778 1321 830 caussae
1366 758 1464 830 sit
1516 749 2039 827 tribuendum.
2110 741 2203 830 ’,Α
2251 757 2554 828 Socrate
2616 768 2694 827 et
2733 751 3132 853 disciplina
3185 755 3558 842 Socratica
3608 756 3878 845 ambo,
3934 773 4012 833 et
4056 763 4424 867 Hierony·

1027 905 1200 953 mus
1242 890 1327 950 et
1377 878 1696 966 Timon,
1746 872 2063 952 fuerunt
2104 877 2351 954 ‚alieni
2380 931 2401 968 ,
2466 878 2554 950 in
2625 880 3006 950 Socratem
3062 877 3313 976 iniqui
3361 878 4018 982 arithm-talesque
4047 881 4058 892 ’
4089 901 4178 958 ut
4228 911 4422 986 quae

1024 1002 1120 1077 de
1157 999 1473 1074 homine
1519 998 2113 1099 sapientissime,
2162 996 2603 1100 disciplinae
2661 999 2969 1075 moralis
3018 1013 3364 1102 auetqe,
3416 998 3514 1073 ad
3566 1015 3909 1102 posteros
3941 987 4422 1104 retulerunt,

1024 1121 1318 1198 nullam
1362 1122 1588 1223 plane
1636 1118 1871 1194 fidem
1921 1135 2382 1197 mereantur.
2488 1122 2633 1198 Sed
2680 1120 2776 1195 de
2827 1120 2971 1194 hac
3014 1123 3458 1222 Hieronymi
3517 1122 3827 1222 quidem
3875 1128 4152 1203 Rhodii
4210 1132 4423 1206 mali-

1022 1246 1129 1322 tia
1204 1243 1561 1344 deinceps
1622 1242 1975 1345 pluribus
2032 1245 2179 1318 erit
2242 1243 2651 1320 dicendum
2696 1299 2719 1338 ‚
2795 1255 3202 1344 postquam
3260 1230 3454 1343 quae
3515 1244 3719 1321 illius
3794 1247 4025 1323 fuerit
4084 1253 4423 1352 philoso-

1016 1365 1315 1472 phandi
1364 1368 1558 1440 ratio
1588 1417 1612 1456 ‚
1665 1382 1742 1440 et
1788 1390 2021 1466 quam
2074 1365 2205 1442 illa
2246 1369 2878 1470 intemperantiae
2929 1390 3015 1440 ac
3063 1368 3309 1456 vitiis,
3362 1367 3507 1440 nisi
3560 1368 4001 1460 indulserit,
4058 1373 4424 1450 alimenta

1011 1481 2020 1568 saltem,subministrav'erit
2048 1541 2070 1579 ‚
2139 1513 2184 1561 a
2254 1488 2477 1564 nobis
2544 1486 2774 1563 fuerit
2838 1486 3488 1561 demonstratum:
3555 1489 3780 1581 Quod
3832 1491 4020 1566 dum
4078 1498 4418 1596 agimus,

1016 1608 1280 1686 eadem
1337 1597 1568 1712 opera
1615 1610 1711 1685 de
1764 1603 2250 1712 Philosophia
2284 1611 2714 1685 Aristoxeni
2751 1608 3350 1710 disputabimus,
3405 1625 3572 1684 tum
3621 1610 3830 1711 quod
3871 1618 4417 1719 Hieronymus,

1015 1757 1247 1834 quam
1296 1733 1393 1806 ab
1443 1736 1889 1807 Aristoxeno
1924 1748 2411 1836 praeceptore
2456 1747 2884 1835 acceperat,
2935 1728 3411 1831 disciplinam
3459 1758 3763 1810 ornasse
3810 1737 4195 1830 videatur,
4249 1756 4418 1816 tum

1012 1859 1192 1954 quia
1236 1879 1327 1928 ex
1382 1855 1543 1955 ipsa
1584 1855 2150 1956 disquisitione,
2206 1854 2511 1956 qualem
2567 1856 2796 1928 ambo
2832 1853 2916 1926 hi
2958 1854 3281 1927 Socratis
3321 1871 3786 1932 accusatores
3828 1855 4419 1962 philosophandi

1012 1979 1229 2060 viam,
1272 1979 1430 2053 sint
1484 1977 1765 2066 secuti,
1818 1973 2293 2050 manifestius
2355 1976 2521 2050 fore
2585 1978 3149 2066 existimamus,
3202 1974 3299 2047 ab
3346 1975 3715 2072 ejusmodi
3761 1983 3959 2051 Viris
4006 2005 4166 2052 non
4209 1983 4419 2056 inex-

1012 2112 1427 2196 spectatam
1482 2093 1816 2169 accidere
1859 2094 2171 2184 debere,
2226 2121 2459 2194 quam
2515 2120 2695 2166 eum
2757 2094 3095 2189 Bentlejo
3159 2092 3482 2165 dicimus
3509 2147 3532 2185 ,
3601 2099 3688 2165 in
3750 2094 4160 2172 Socraoem
4201 2102 4420 2176 calu-

1018 2221 1348 2294 maiam.
1448 2218 1599 2309 Qui
1630 2216 1865 2314 igitur
1899 2216 1981 2286 in
2018 2214 2703 2314 studiosapientiae
2736 2211 3025 2290 fuerint
3071 2215 3566 2288 Aius-roxem
3587 2241 3676 2290 us
3726 2222 3806 2290 M
3824 2217 4140 2298 usicu‘s
4185 2238 4418 2326 atque

1009 2344 1608 2415 Htsaonutus
1654 2340 2110 2423 Ruonms,
2166 2344 2472 2407 auctore
2516 2335 2964 2431 praesertim
3015 2338 3520 2426 Cicesosx,
3584 2333 3995 2440 videamus.

1292 2665 1370 2760 ς.
1426 2663 1623 2737 ΧΧῘ.
1688 2659 1827 2754 ‘De
1870 2656 2393 2762 PhHosophid
2440 2661 3001 2738 Ausi-cunt
3048 2675 3132 2735 ec
3169 2659 3696 2744 Hisnoun'n
3741 2667 4122 2749 Rnonrn.

702 3014 766 3094 ς.
802 3028 901 3076 ιι.
1110 2990 1518 3092 Postquam
1571 2994 1908 3067 Socrates
1958 2985 2527 3090 Philosophiam
2589 3014 2634 3064 a
2681 2990 2914 3070 rebus
2963 2993 3279 3073 occultis
3333 2996 3645 3097 ipsaque
3714 2997 3982 3069 natura
4043 2995 4405 3069 involutis

583 3108 1105 3195 Qmswi‘ad
1149 3114 1381 3188 vitam
1426 3136 1919 3187 communem
1966 3112 2440 3206 adduxisset,
2494 3112 2692 3191 facta
2743 3115 3102 3215 deinceps
3166 3134 3322 3203 est,
3377 3116 3583 3212 quod
3625 3119 3789 3212 ipse
3839 3117 4159 3189 minime
4211 3139 4408 3214 pro-

567 3200 976 3334 zffissfflssae.
1008 3232 1283 3329 habat,
1333 3261 1455 3315 ars
1500 3234 1871 3337 quaedam
1922 3232 2498 3331 Philosophiae,
2550 3252 2629 3306 et
2681 3256 2940 3309 rerum
3001 3232 3191 3307 ordo
3215 3280 3242 3325 ,
3313 3249 3394 3307 et
3439 3231 3849 3330 descriptio
3914 3232 4406 3337 discipliuae,

566 3372 643 3413 ¹¹¹
667 3354 929 3445 ,R¹0⁰¹¹,
1006 3360 1269 3447 itaut
1331 3361 1486 3454 jam
1550 3358 1823 3457 triplex
1890 3350 2488 3460 philosophandi
2550 3352 2748 3431 foret
2797 3357 2992 3429 ratio
3023 3405 3048 3441 ‚
3125 3375 3456 3451 quarum
3519 3353 3770 3452 prima
3821 3377 4067 3452 quum
4112 3354 4209 3429 de
4255 3359 4409 3435 vita

565 3425 1084 3555 thwpmet
1145 3478 1486 3555 moribus
1540 3496 1830 3583 ageret,
1882 3479 2219 3581 reliquae
2274 3499 2455 3553 vero
2500 3456 2692 3552 stum
2749 3479 2834 3553 in
2888 3476 3163 3551 natura
3217 3473 3598 3581 rebusque
3655 3474 3969 3552 occultis
4005 3531 4030 3569 ,
4099 3494 4263 3557 tum
4321 3485 4403 3561 in

998 3601 1432 3679 disserendo
1479 3602 1574 3680 de
1619 3631 1801 3681 vero
1842 3620 1921 3679 et
1970 3600 2206 3694 salso,
2257 3592 2744 3677 versarentur
2768 3651 2792 3691 ,
2845 3598 3058 3673 nulla
3111 3596 3449 3675 nobilior
3497 3613 3658 3674 erat
3705 3603 4047 3699 quaestio
4072 3655 4098 3693 ‚
4170 3629 4400 3702 quam

1003 3727 1099 3804 de
1168 3751 1472 3803 summo
1532 3751 1620 3802 ac
1675 3724 2005 3803 naturali
2074 3725 2331 3819 hono,
2401 3723 2499 3798 ad
2569 3722 2782 3827 quod
2856 3726 3116 3797 omnia
3177 3719 3672 3797 referrentur.
3776 3724 4024 3813 Quam
4087 3726 4395 3822 quidem

986 3851 1523 3951 quaestionem
1579 3852 1873 3935 etiamsi
1922 3847 2256 3927 diversae
2306 3873 2393 3923 ac
2440 3847 2968 3939 dissentientes
3014 3848 3218 3915 inter
3265 3868 3352 3919 se
3397 3847 3648 3915 Sectae
3692 3843 3799 3913 sic
3841 3843 4383 3943 disceptarent,

998 3986 1148 4064 ut,
1216 3972 1442 4050 rebus
1487 3986 2040 4072 congruentes,
2115 3964 2562 4034 nominibus
2597 3962 2836 4057 magis
2893 3958 3196 4037 differre
3265 3963 3747 4055 viderentur,
3814 3987 4066 4037 unum
4139 3982 4396 4045 tamen

1004 4096 1089 4167 in
1154 4096 1299 4173 ista
1360 4092 1872 4190 disputatione
1955 4082 2058 4155 de
2094 4080 2280 4183 fine
2348 4079 2736 4173 bonorum
2799 4107 2888 4158 ac
2965 4084 3369 4184 voluptate
3439 4100 3600 4158 erat
3670 4084 4074 4189 discrimen
4099 4145 4122 4183 ,
4189 4092 4400 4192 quod

1004 4237 1273 4293 verum
1340 4234 1497 4291 esse
1560 4226 1789 4312 atque
1855 4210 1939 4282 in
1995 4210 2159 4309 ipsa
2220 4231 2303 4282 re
2371 4210 2709 4308 positum
2777 4209 3025 4308 quivis
3092 4206 3467 4307 intelligat
3504 4259 3528 4299 ,
3600 4206 3750 4283 hoe
3801 4212 4166 4313 nimirum
4216 4265 4238 4301 ‚
4311 4231 4399 4289 ut

999 4338 1362 4415 virtutem
1416 4350 1645 4436 atque
1706 4331 2181 4433 honestatem
2235 4328 2362 4402 alii
2418 4329 2770 4407 dicerent
2823 4353 2866 4402 a
2925 4329 3086 4407 fine
3142 4328 3525 4409 bonorum
3583 4339 4007 4435 segregari,
4079 4334 4206 4409 alii
4255 4333 4400 4431 hoq·

1009 4470 1375 4529 nestatem
1429 4480 1607 4533 cum
1655 4480 1748 4531 eo
1802 4454 2169 4554 conjungi
2212 4466 2614 4550 oportere,
2682 4449 2810 4527 alii
2868 4452 3199 4552 denique
3244 4477 3634 4530 summum
3695 4455 3895 4528 istud
3953 4453 4244 4527 bonum
4310 4460 4396 4532 in

1007 4572 1277 4648 decore
1324 4590 1571 4650 totum
1599 4633 1622 4671 ,
1673 4578 1755 4652 id
1804 4595 1959 4670 est,
2010 4574 2405 4652 honestate
2442 4577 2782 4676 reperiri.
2886 4578 3149 4667 Quum
3193 4580 3584 4654 Toum·
3627 4572 3973 4677 pluribus
4019 4573 4206 4653 locis
4256 4581 4422 4682 (1)„

1133 4880 1249 4967 (¹)
1290 4880 1395 4945 Do
1429 4856 1701 4945 Finibus
1729 4883 1860 4946 Lib.
1901 4886 1989 4951 11.
2030 4886 2174 4966 Cep.
2204 4908 2295 4955 u·
2338 4889 2471 4949 Lib.
2508 4890 2583 4948 V.
2633 4888 2779 4971 Cap.
2819 4910 2880 4967 7.
2918 4901 2977 4952 et
3017 4890 3113 4957 25.
3156 4888 3426 4953 Lucullo
3466 4908 3571 4953 seu
3606 4886 3927 4951 Acadm
3959 4887 4089 4951 ub.
4139 4889 4214 4951 Η.
4240 4885 4386 4962 Gap.

1284 4998 1385 5061 ⁴2.
1426 5003 1485 5052 et
1529 4990 1623 5062 43.
1672 4990 1856 5056 Tusc-
1890 4991 2079 5075 Disp-
2118 4994 2250 5054 Lib.
2296 4995 2380 5057 11.
2419 4996 2562 5073 cip:
2608 4997 2669 5060 6.
2744 5000 2836 5059 De
2871 4998 3552 5078 prino-m.hurun
3583 4997 3876 5067 beorum,
3917 5010 4066 5059 Qum
4091 5010 4162 5049 ex
4200 4989 4396 5051 Libris
