5038 5975
1057 473 1195 549 262
1932 475 3657 553 LECTIONESATTICAE.

657 667 872 727 semo
919 663 1001 726 Π·
1048 723 1110 760 „
1166 674 1465 745 muium
1504 665 2097 768 disciplinarum,
2124 675 2553 773 ignorantia.
2586 689 2662 749 et
2695 673 3167 749 indoctioris
3212 669 3664 748 balbuties.”
3759 669 3990 769 Atqui
4036 696 4212 746 vero
4251 673 4434 752 nub·

729 745 786 821 ς’
823 745 917 807 ²3⁶
1049 794 1211 871 lum
1264 777 1389 870 est‘
1428 793 1707 870 horum
1762 796 2123 867 vitiorum
2196 809 2276 870 et
2340 798 2795 872 dedecorum
2835 851 2860 887 ,
2943 800 3157 896 cujus
3219 802 3300 870 in
3368 803 3749 869 Socratem
3803 796 4101 892 primus
4168 815 4430 873 auctor

1044 942 1089 992 a
1142 916 1542 1027 Veteribus
1582 939 1742 990 non
1799 915 2084 991 feratur
2130 922 2662 1002 Aristoxenus:
2727 926 2918 998 Nam
2980 922 3092 996 19.
3149 921 3436 994 natales
3503 944 3596 991 ex
3660 932 3874 1017 patre
3925 923 4428 994 marmorario

1045 1058 1119 1115 et
1178 1039 1605 1114 factitatum
1664 1063 1709 1113 a
1764 1065 2007 1141 puero
2061 1040 2461 1140 opificium
2531 1048 2873 1121 statuarii
2946 1069 3108 1118 non
3176 1058 3477 1117 tantum
3531 1069 3622 1114 ex
3687 1046 3880 1117 Duri
3934 1045 4426 1142 Peripatetico

1044 1163 1353 1239 tradidit
1426 1169 1897 1237 Diocmves
1965 1168 2426 1242 Laena-rus
2475 1169 2629 1266 (α),
2696 1167 2826 1242 sed
2872 1184 2948 1243 et
3000 1193 3092 1243 ex
3151 1166 3572 1266 Porphyrio
3624 1222 3647 1257 ‚
3713 1169 4249 1240 Aristoxenum
4315 1193 4428 1243 se·

1040 1303 1265 1379 cuto,
1317 1291 1774 1362 Crantus
1826 1287 1930 1386 (3)
1983 1314 2068 1361 ac
2116 1293 2777 1372 'ruzononnrus
2823 1292 2956 1390 (4).
3011 1293 3150 1363 Hic
3192 1305 3493 1379 autem,
3544 1290 3992 1363 Aristoxeno
4034 1289 4297 1364 itidem
4343 1309 4422 1368 et

1038 1411 1463 1510 Porphyrio
1514 1413 1655 1504 (Ψ)
1713 1405 2197 1504 auctoribus,
2254 1413 2600 1513 adjungit
2660 1416 2776 1487 2⁹.
2854 1415 3412 1488 contumaciam
3475 1437 3647 1511 erga
3696 1427 4091 1513 parentem
4147 1415 4423 1489 immo-

1035 1532 1479 1633 destamque
1535 1531 2157 1608 adolescentiam:
2238 1536 2522 1613 Παιδᾶκέι
2593 1543 2775 1611 item
2851 1535 3221 1640 Ἀρχελάου
3286 1535 3406 1609 3⁰.
3477 1534 3704 1609 fuisse
3746 1589 3768 1624 ‚
3847 1558 4005 1608 non
4065 1535 4212 1609 alio
4275 1541 4426 1611 nisi

1029 1658 1476 1730 Aristoxeno
1540 1658 1999 1730 nominatim
2064 1659 2156 1730 ad
2208 1665 2736 1734 testimonium
2804 1679 3069 1737 vocato
3108 1716 3133 1752 ,
3205 1660 3554 1734 referunt
3612 1664 4074 1733 Diocsuns
4137 1662 4422 1733 Laena·

1028 1805 1227 1853 rius
1280 1780 1424 1876 (5),
1475 1784 2138 1855 Turonoaerus
2184 1782 2291 1881 (6)
2333 1838 2353 1870 ,
2407 1791 2758 1857 Sunius
2811 1787 2916 1883 (7)
3044 1783 3271 1876 Quod
3302 1782 3397 1856 ad
3443 1786 3572 1868 ΛΨ
3644 1783 3933 1853 crimen
3984 1834 4007 1871 ,
4071 1783 4422 1856 insanam

1028 1904 1497 1977 iracundiam
1535 1958 1556 1995 ,
1646 1919 1723 1976 et
1786 1901 2000 1975 facile
2074 1906 2679 1979 excandescentis
2760 1909 2998 1978 animi
3054 1932 3230 1979 curn
3312 1907 3529 1977 omni
3587 1902 3955 1976 dedecore
4032 1905 4422 2002 impoten-

1028 2027 1207 2095 tiam
1242 2079 1263 2113 ‚
1318 2066 1438 2083 -—
1488 2026 1715 2125 hujus
1763 2030 2048 2125 pariter
2096 2029 2441 2100 criminis
2480 2030 2979 2099 Tarentinum
3037 2029 3512 2123 Polybistora
3567 2042 3953 2097 auctorem
4026 2025 4418 2123 appellant

1022 2150 1489 2219 Crnirtus
1538 2149 1695 2242 (8),
1756 2154 2418 2218 Turonorum-us
2471 2151 2624 2240 (9),
2675 2153 3110 2216 Srutsrus
3163 2144 3345 2240 (10).
3452 2146 3824 2236 Quintam
3856 2146 4418 2220 accusationem

1017 2292 1337 2365 eamque
1391 2270 1901 2364 gravissimam
1955 2266 2379 2335 conficiunt
2430 2265 2937 2333 mulierositas
2986 2260 3478 2361 libidinisque
3517 2273 3900 2337 Vener-eae
3959 2268 4412 2346 insatiabilis

1019 2389 1325 2487 cupid0.
1431 2392 1625 2458 llaec
1665 2401 1921 2458 autem
1972 2386 2292 2457 Socratis
2357 2385 2811 2482 γυναικομανία
2871 2410 2914 2456 a
2984 2388 3389 2457 Cranno
3455 2385 3611 2482 (ιι)
3680 2387 3998 2484 repetita
4069 2413 4158 2462 ex
4230 2396 4415 2467 Por-

1018 2511 1293 2612 phyrio
1347 2512 1724 2608 reperitur
1753 2564 1775 2599 ,
1830 2512 1931 2581 ita
1978 2523 2232 2582 tamen
2277 2522 2407 2596 ut,
2465 2509 2797 2582 eundem
2839 2507 3238 2608 Porphyrii
3287 2507 3542 2582 locum
3583 2508 3887 2609 plenius
3937 2491 4448 2608 describens„

1017 2623 1698 2708 Turonoaerus
1776 2636 1930 2728 (ια)
1997 2634 2157 2732 ipsa
2210 2633 2396 2706 haec
2448 2632 2675 2706 addat
2737 2633 3006 2706 verba:
3078 2632 3433 2734 Ἀριςυξέιῳ
3488 2630 3758 2733 μάρτυρι
3798 2635 4244 2736 κεχρημένος,
4304 2642 4415 2718 τὸν

1016 2755 1379 2857 Σωκράτους
1418 2757 1560 2854 βίον
1611 2756 2136 2859 ξυγγεγραφὸτι.
2218 2761 2411 2829 Tum
2460 2773 2540 2831 et
2587 2762 3192 2833 Pnurancnus
3245 2761 3398 2856 (13)
3453 2783 3538 2831 ac
3586 2765 3911 2835 Suruss
3965 2767 4121 2858 (14)
4173 2765 4444 2839 Theo-.

1015 2882 1264 2957 doreti
1326 2882 1524 2957 dicta
1573 2881 1667 2957 de
1724 2884 2151 2958 Aristoxeni
2208 2883 2647 2955 testimonio
2711 2885 3002 2981 egregie
3081 2880 3551 2957 confirmant
3590 2937 3616 2975 ,
3681 2909 3789 2966 ne
3836 2884 4053 2958 obliti
4097 2887 4407 2983 quidem

1015 2981 1434 3083 celessratae
1517 3025 1594 3081 at
1644 3034 1919 3110 parum
1973 3006 2172 3095 fidae
2236 3011 2778 3097 excusationis,
2854 3005 3072 3084 ἆῶκίαι
3111 3007 3187 3088 δὲ
3241 3014 3313 3084 οὐ
3361 3012 3618 3111 προσ-ᾖν.
3737 3007 3878 3081 Sed
3927 3009 4067 3079 soli
4136 3034 4224 3078 ex
4286 3008 4405 3083 his

1013 3130 1487 3205 Theodoreto
1535 3132 1692 3232 (15)
1764 3133 2081 3207 debetur
2117 3188 2139 3224 ‚
2207 3148 2298 3206 ut
2347 3157 2447 3205 ne
2519 3135 3003 3232 ignoremus,
3055 3138 3586 3209 Aristoxenum
3643 3150 3948 3225 quoque
4000 3143 4401 3204 auctorem

1014 3252 1240 3329 fuisse
1288 3256 1577 3356 lepidae
1620 3272 1695 3329 et
1748 3258 2167 3330 concinnae
2224 3255 2635 3331 admodum
2682 3255 2974 3325 fabulae
3012 3307 3033 3343 ‚
3108 3250 3677 3350 Polyhistorum
3735 3248 4409 3345 Peripateticorum

1014 3377 1420 3478 multiplici
1468 3379 1815 3452 doctrina
1871 3392 2070 3449 certe
2145 3376 2682 3474 dignissimae,
2759 3378 3177 3449 rixantium
3258 3397 3342 3445 ac
3402 3371 4008 3471 depugnantium
4076 3374 4277 3445 inter
4335 3399 4415 3448 se

1015 3498 1363 3599 bigarum
1414 3499 1967 3577 socraticarum
2012 3553 2034 3588 ,
2101 3497 2580 3601 Xanthippes
2635 3516 2710 3573 et
2774 3501 3153 3599 Myrtonis
3199 3552 3219 3588 ,
3273 3496 3503 3569 stulte
3559 3493 3876 3567 ridentis
3923 3491 4408 3594 Philosophi,

1018 3639 1094 3697 et
1134 3622 1505 3697 furiarum
1562 3626 1641 3696 in
1686 3626 1937 3697 miseri
1996 3621 2303 3695 tandem
2350 3639 2579 3727 caput
2632 3622 3132 3695 saevientium
3188 3646 3209 3711 ;
3277 3643 3510 3718 quam
3575 3614 3908 3689 fabulam
3958 3631 4046 3688 ut
4089 3642 4187 3689 ne
4248 3622 4416 3691 uui·

1019 3773 1152 3821 cus
1204 3763 1377 3847 post
1440 3747 1969 3823 Aristoxenum
2028 3773 2113 3820 ac
2179 3746 2692 3851 Porphyrium
2767 3744 2864 3819 ad
2930 3758 3274 3847 posteros
3350 3764 3794 3843 propagasse
3875 3737 4169 3811 dicatur
4235 3746 4412 3841 Cyri

1019 3872 1483 3971 Episcopus,
1540 3876 2067 3947 Ηιιιιιοιιηιι
2108 3878 2797 3981 ,sumonnms
2849 3871 3109 3963 (quam
3168 3865 3501 3957 legendis
3554 3861 4021 3954 Hermippo,
4102 3866 4407 3962 Satyro,

1022 3994 1468 4067 Aristoxeno
1520 3993 1657 4067 sibi
1733 4002 2150 4095 paraverat)
2223 3999 2465 4067 vetuit
2528 3991 2855 4066 eruditio
2903 3983 3088 4082 (16).
3159 3984 3359 4098 ‘Nec
3410 3991 3710 4063 tantum
3763 3981 4214 4075 ’γυναικομανὴς
4270 3983 4418 4063 suit

1026 4118 1408 4201 Socrates,
1463 4112 1593 4190 sed
1654 4127 1729 4183 et
1769 4118 1991 4217 (quae
2050 4128 2255 4201 sexta
2304 4131 2417 4207 est
2462 4111 2928 4206 criminatio)
2998 4132 3091 4182 ex
3145 4102 3608 4215 Philosopho
3661 4103 4098 4196 mendicus,
4151 4132 4414 4207 peram

1028 4387 1043 4411 ‘
1151 4412 1239 4496 (τ)
1322 4414 1512 4493 Sum
1546 4414 1661 4474 *ub
1707 4415 1827 4480 No.
1866 4416 1948 4475 11·
1989 4447 2067 4465 —
2103 4420 2191 4501 (3)
2229 4418 2370 4486 vid.
2418 4418 2536 4482 πο.
2563 4420 2669 4486 vr.
2707 4446 2790 4465 -
2824 4408 2913 4496 (ι.)
2953 4407 3078 4472 sub
3125 4407 3239 4469 No.
3281 4402 3420 4465 vn.
3469 4434 3550 4455 -
3587 4398 3699 4479 (ιν)
3739 4397 3878 4463 rsa.
3912 4398 4018 4457 aab
4057 4398 4171 4459 No.
4217 4396 4413 4453 ιιι...

1310 4520 1398 4601 (5)
1434 4519 1572 4580 vid.
1616 4521 1726 4581 mh
1764 4517 1893 4582 No:
1919 4524 2002 4583 11.
2037 4558 2117 4577 -
2156 4526 2242 4606 (6)
2282 4527 2417 4587 vid.
2468 4528 2579 4588 mh
2619 4526 2734 4585 No.
2767 4523 2877 4583 ιιι,
2916 4547 2998 4565 -
3034 4514 3123 4593 (7)
3165 4513 3288 4572 sub
3325 4511 3446 4570 uo.
3484 4506 3592 4566 ιιι.
3632 4539 3712 4555 -
3750 4503 3838 4582 (a)
3879 4504 3999 4563 sub
4047 4504 4159 4559 no.
4193 4502 4297 4558 ιν.
4331 4531 4417 4549 ....

1312 4625 1403 4706 (9)
1438 4627 1563 4687 suh
1603 4630 1718 4689 No.
1762 4629 1871 4688 lx.
1910 4662 1991 4678 -
2030 4630 2156 4711 (ιο)
2194 4630 2319 4691 Sub
2359 4634 2479 4695 No.
2529 4634 2613 4693 X.
2650 4663 2733 4679 —
2771 4626 2900 4708 (n)
2939 4623 3062 4685 Sub
3105 4622 3223 4680 No.
3269 4618 3347 4680 V.
3383 4644 3468 4661 -
3501 4612 3628 4691 (ια)
3663 4610 3803 4667 Vid.
3860 4609 3976 4669 No.
4013 4607 4120 4664 IX.
4159 4636 4238 4655 --
4295 4603 4425 4682 (13)

1311 4730 1438 4792 sah
1482 4732 1595 4791 No.
1624 4733 1677 4792 1.
1715 4760 1797 4781 -
1831 4730 1961 4812 (ιι)
1997 4735 2121 4793 Sub
2161 4736 2278 4799 uo.
2316 4738 2429 4797 ιιι.
2467 4765 2549 4786 --
2585 4736 2714 4814 (ιε)
2754 4735 2879 4794 Sub
2912 4733 3028 4792 uo.
3074 4728 3178 4786 lx.

670 4850 715 4917 ἱ
1117 4832 1248 4920 (¹⁶)
1322 4834 1472 4906 Ὑὶᾶθ
1515 4836 1692 4922 hujus
1726 4836 2168 4909 vincentianis
2210 4853 2444 4909 nostrae
2476 4842 2630 4905 sect.
2673 4843 2724 4902 1.
2779 4844 2837 4920 ς.
2880 4857 2938 4902 ι.
2982 4852 3120 4916 png-
3167 4847 3262 4893 u.
3304 4824 3516 4890 collat&
3556 4820 3711 4887 Sect-
3745 4819 3826 4881 11.
3869 4818 3925 4897 5.
3977 4814 4080 4881 ιὲιἦ
4109 4832 4242 4895 pag.
4293 4816 4427 4891 171..
