5038 5975
1343 506 1527 576 DE
1644 459 2345 575 DIGAMQK
2472 502 3268 572 eocnarle
3900 380 3998 601 ᾧ

620 700 896 798 quibus
968 698 1051 770 in
1133 698 1483 770 universa
1550 694 1951 793 Republica
2021 699 2256 772 Attica
2338 696 2532 768 nihil
2601 709 2755 766 tam
2821 710 3164 768 sanctum
3197 751 3217 785 ‚
3299 711 3452 769 tam
3527 700 3938 773 reverentii
3971 755 3990 789 ‚
4053 734 4277 797 snm,
4326 740 4377 797 L

612 821 907 907 studim
961 819 1480 907 observantia,
1533 831 1743 888 metu
1801 821 2029 890 etiam
2088 834 2164 890 et
2212 798 2487 891 timore
2546 815 2862 915 dignum
2915 816 3309 889 videbatur
3341 873 3360 907 ,
3432 823 3621 917 quin
3684 820 3989 893 dentem
4113 821 4169 896 5·
4224 838 4311 875 ¹²·

619 940 928 1013 illorum
974 940 1433 1012 maledicum
1486 940 1994 1036 experiretur3
2048 965 2380 1037 quorum
2431 963 2660 1038 supra
2712 932 2921 1035 jocos
2975 940 3536 1039 cachinnosque
3597 942 3790 1013 nihil
3841 958 3999 1015 erat

618 1064 1004 1161 positum3
1083 1064 1217 1161 qui
1279 1086 1483 1134 sacra
1551 1084 1787 1157 aeque
1849 1060 2193 1133 ridebant
2259 1077 2332 1135 et
2384 1059 2702 1161 profana
2728 1116 2748 1151 ,
2817 1063 3086 1161 populi
3144 1064 3586 1134 concionem
3647 1089 3882 1161 aeque
3928 1081 4004 1137 et

436 1162 447 1171 ’
562 1228 569 1235 ·
618 1182 1075 1282 religionum
1131 1185 1642 1280 majestatem3
1714 1184 1847 1280 qui
1912 1187 2088 1257 totis
2147 1184 2632 1257 Dramatibua
2687 1183 3118 1255 Tribunalia
3171 1188 3453 1257 Patriae
3486 1239 3506 1275 ,
3586 1189 4005 1282 augustissi-

617 1330 821 1376 mam
885 1310 1124 1404 ipsam
1188 1305 1564 1376 Heliaeam
1628 1300 2166 1393 exsibilabant,
2239 1308 2672 1403 civiumque
2725 1330 3038 1377 suorum
3104 1308 3185 1376 in
3239 1304 3625 1402 fungendo
3668 1306 4000 1402 judiciali

616 1452 937 1500 munere
1002 1442 1168 1499 tum
1243 1425 1737 1498 ambitionem
1807 1406 2112 1525 pravam
2180 1443 2254 1499 et
2307 1427 2699 1498 ridiculam
2746 1480 2765 1514 ,
2849 1443 3010 1499 tum
3080 1429 3462 1497 avaritiam
3534 1441 3609 1497 et
3671 1426 4000 1500 habendi

616 1548 1110 1645 cupiditatem
1166 1545 1549 1617 liberrime
1603 1546 2006 1634 notabant3
2062 1550 2195 1644 qui
2242 1546 2524 1618 Cleona
2566 1563 2639 1618 et
2681 1538 3198 1646 Hyperbolum
3244 1548 3538 1619 scurrili
3592 1564 3664 1618 et
3717 1553 4003 1623 scenica

615 1668 1011 1743 dicacitate
1064 1691 1303 1764 aeque
1359 1666 1816 1765 appetebant
1859 1691 1943 1739 ac
2001 1652 2359 1740 Periclem
2404 1666 2559 1764 (ιο)
2595 1721 2615 1756 ,
2669 1670 2999 1769 Niciam,
3071 1684 3147 1740 et
3187 1669 3683 1758 Alcibiadem3
3735 1710 3826 1726 --
3894 1672 4004 1743 illi

617 1790 951 1889 denique
1009 1790 1297 1862 Comici
1329 1842 1351 1879 ,
2722 1811 2729 1816 ·

1682 1983 2015 2057 quorum
2064 1960 2150 2028 in
2198 1958 2481 2029 vicium
2529 1954 2840 2029 libertas
2889 1955 3186 2027 excidit
3207 2009 3231 2042 ,
3285 1973 3366 2029 ec
3406 1962 3575 2028 vim

1389 2083 1751 2183 Dignam
1798 2080 1965 2181 lege
2014 2084 2174 2181 regi
2196 2131 2216 2169 ,
2270 2121 2437 2140 --

621 2290 779 2351 tam
822 2274 1197 2376 pudentes
1222 2332 1241 2367 ,
1297 2291 1451 2350 tam
1508 2276 1824 2351 fuerunt
1866 2274 2314 2367 verecundi,
2369 2292 2457 2350 ut
2512 2277 2760 2352 solum
2818 2274 2967 2348 hoc
3015 2272 3443 2372 Psephisma
3470 2328 3489 2362 ,
3543 2272 3748 2372 quod
3790 2279 4013 2372 gemi-

612 2423 888 2475 narum
953 2398 1220 2471 eodem
1292 2413 1631 2498 tempore
1694 2403 2139 2497 nuptiarum
2205 2401 2507 2471 veniam
2575 2397 2841 2483 dabat,
2920 2395 3267 2466 arrodere
3325 2411 3801 2484 vererentur,
3859 2397 4044 2493 tale,

617 2532 892 2593 tamen,
926 2519 1198 2615 Populi
1243 2522 1513 2589 scitum
1542 2570 1563 2610 ,
1617 2519 1831 2614 quod
1854 2570 1875 2603 ,
1933 2530 2020 2586 ut
2058 2538 2230 2585 vere
2266 2513 2650 2609 judicabat
2688 2515 3067 2610 Bentlejus
3090 2568 3112 2601 ,
3164 2528 3334 2583 cam
3379 2532 3639 2611 aptum
3679 2538 3998 2601 scenae,
4037 2504 4044 2517 ⁶

616 2648 799 2715 mm,
835 2633 1245 2709 ridiculum
1277 2637 1368 2711 iis
1421 2635 1824 2734 praebebat
1884 2635 2461 2739 argumentum!
2518 2641 2614 2709 Et
2638 2691 2659 2724 ‚
2712 2636 2922 2735 quod
2964 2638 3304 2723 Comici,
3358 2636 3516 2739 iata⁴
3558 2639 3768 2734 Reip.
3834 2660 4008 2707 con·

614 2756 908 2830 ditione
955 2772 1091 2829 aut
1131 2771 1564 2857 temporum
1610 2760 1865 2857 potius
1919 2756 2217 2830 lieentia
2255 2784 2301 2849 ,⁸
2362 2780 2523 2829 non
2577 2760 3107 2831 sustinuerunt
3137 2810 3159 2846 ,
3232 2756 3353 2845 id,
3416 2760 3477 2831 si
3535 2755 3641 2855 fas
3695 2772 4016 2833 est-cre·-

614 2878 794 2952 dere
824 2934 844 2969 ‚
898 2880 1103 2953 solus
1154 2876 1332 2953 fecit
1376 2878 1808 2981 Euripidee;
1850 2918 1942 2935 --
2009 2876 2183 2951 fecit
2237 2892 2487 2953 autem
2519 2933 2540 2967 ,
2595 2877 2906 2977 quando
2965 2881 3164 2977 ipse,
3218 2904 3393 2950 cum
3452 2877 3797 2951 familiari
3864 2905 4005 2952 suo

610 3007 954 3090 Socrate,
1009 3004 1222 3099 Legis
1285 3000 1595 3099 quidem
1635 3003 1855 3075 venia
1911 3004 2074 3092 usi,
2140 3005 2463 3102 turpiter
2502 3017 2753 3073 tamen
2782 3056 2802 3091 ,
2860 3005 3242 3100 geminam
3283 3023 3597 3073 uxorem
3642 3001 4010 3077 haberent

516 3205 540 3219 .
613 3122 861 3198 domi!
911 3163 992 3183 —
1085 3129 1331 3215 Haec,
1384 3125 1473 3224 si,
1514 3123 1841 3224 cuipiam
1896 3146 2115 3213 vera,
2174 3138 2307 3195 aut
2344 3147 2523 3194 vero
2574 3126 2802 3194 etiam
2848 3121 3162 3212 similia,
3216 3123 3661 3214 videantur,

1394 3298 1730 3371 Credula
1778 3322 1944 3370 non
1994 3321 2212 3371 ravos
2262 3301 2596 3369 timeant
2638 3315 3004 3370 armenta
3050 3297 3345 3389 leones,

1490 3415 1886 3512 Amecque
1932 3420 2145 3489 salsa
2192 3419 2370 3489 levis
2422 3416 2677 3492 hircus
2723 3445 3095 3517 aequora.

698 3726 826 3812 (ro)
864 3729 1150 3791 Classicus
1180 3728 1507 3787 Cxcnoms
1534 3727 1700 3785 locus
1735 3739 1823 3785 est
1857 3727 1921 3784 in
1952 3719 2144 3784 Libris
2167 3722 2250 3784 de
2287 3720 2634 3808 Republica
2654 3766 2672 3796 ‚
2713 3724 2874 3801 apud
2898 3726 3238 3786 Aucus-rm.
3272 3726 3355 3787 de
3393 3726 3573 3787 Civie.
3607 3728 3742 3786 Dei
3759 3731 3891 3793 Lib.
3922 3727 4001 3790 Π.

893 3837 1035 3912 Cap.
1075 3855 1134 3912 9.
1184 3856 1212 3884 α
1249 3829 1464 3914 Apud
1487 3829 1762 3891 Graecos
1784 3831 2175 3910 anez'cyuiores
2190 3828 2330 3905 ficit
2348 3831 2549 3888 eciam
2573 3828 2711 3908 lege
2735 3848 3093 3887 concessum
3117 3873 3135 3897 ,
3176 3841 3250 3887 ue
3268 3829 3449 3912 quod
3465 3831 3659 3890 vellet
3677 3875 3704 3902 ,
3747 3832 4009 3892 Comoe-

893 3982 951 4014 „
989 3938 1108 3997 dia
1138 3939 1555 4008 namnetim,
1601 3934 1716 3994 ‘uel
1745 3934 1829 3992 de
1863 3955 1989 4015 quo
2024 3933 2263 4005 vellet,
2305 3931 2561 3992 diceret.
2641 3934 2879 4011 Itaque
2895 3976 2920 4006 ,
2959 3965 3043 3980 -—
3078 3953 3267 4009 quem
3304 3934 3425 3996 illa
3457 3921 3586 3992 non
3602 3938 3825 4016 attigit
3832 3981 3859 4009 ,
3900 3939 4014 3999 vel

893 4084 954 4115 „
982 4044 1200 4120 potius
1221 4060 1410 4119 quem
1433 4062 1563 4100 non
1585 4042 1866 4100 vexavit
1876 4084 1902 4112 ,
1926 4042 2036 4099 cui
2045 4039 2329 4118 pepercit
2344 4033 2375 4093 2
2419 4037 2577 4096 Esco
2591 4058 2614 4093 .-
2640 4035 2994 4116 Populares
3013 4034 3299 4096 homines
3316 4083 3342 4111 ‚
3371 4038 3687 4118 improbos
3702 4085 3729 4113 ,
3755 4044 3824 4100 in
3855 4043 4008 4124 Rep.

897 4185 955 4216 „
993 4141 1322 4201 seditiosos
1336 4187 1365 4216 ,
1411 4137 1703 4203 Cleonem
1721 4188 1748 4215 ,
1795 4141 2242 4220 Cleophontem
2265 4184 2292 4211 ,
2333 4138 2777 4220 Hyperbolum
2824 4139 3018 4198 laesit
3038 4162 3059 4197 e
3079 4172 3165 4187 —
3200 4141 3552 4203 Paeiamur
3566 4189 3591 4216 ,
3633 4147 3756 4206 etsi
3789 4143 4014 4228 hujus·

900 4288 959 4321 „
999 4244 1181 4308 modu·
1195 4246 1360 4306 cim
1380 4266 1429 4305 a
1457 4245 1721 4306 Censor-e
1745 4248 1970 4307 melius
1991 4260 2088 4307 est
2107 4263 2307 4334 quam
2330 4263 2376 4301 a
2404 4241 2611 4300 Poeni
2648 4244 2901 4300 notari.-
2942 4243 3074 4303 Sed
3089 4244 3447 4321 Periclem,
3465 4269 3633 4326 ‘cum
3659 4255 3814 4329 jam
3854 4273 4012 4314 suae

896 4392 948 4426 „
987 4349 1239 4409 civitati
1257 4348 1553 4412 maxima·
1575 4356 1960 4411 auctoritate
1971 4351 2285 4433 plurimos
2305 4366 2511 4407 annos
2540 4344 2728 4406 domi
2749 4361 2812 4406 ee
2836 4345 2990 4407 belli
3002 4348 3428 4429 praefuisset,
3469 4354 3718 4413 violari
3737 4357 4010 4419 versibus

894 4501 952 4532 „
993 4471 1059 4519 ec
1079 4476 1185 4516 eos
1211 4456 1329 4533 agi
1347 4456 1418 4513 in
1439 4454 1630 4512 scena*
1655 4476 1783 4515 non
1796 4456 1947 4537 plus
1984 4454 2235 4528 decuit,
2275 4471 2474 4536 quam
2510 4456 2572 4512 si
2611 4450 2886 4518 Plautus
2922 4468 3136 4512 noster
3169 4456 3460 4518 voluisset
3471 4501 3497 4529 ,
3536 4471 3657 4516 aut
3683 4444 4008 4536 Naevius,

896 4608 955 4637 „
997 4563 1079 4627 P.
1128 4576 1195 4621 ec
1239 4559 1352 4618 Cn.
1391 4557 1714 4639 Scipioni,
1756 4574 1875 4618 aue
1925 4559 2237 4618 Caecilius
2273 4559 2503 4617 Marco
2557 4556 2792 4616 Catoni
2835 4555 3277 4617 maledicere.''
3358 4563 3550 4631 Quam
3597 4565 3776 4626 libere
3814 4580 4009 4630 autem

897 4669 1172 4725 Periclem
1237 4666 1307 4722 in
1361 4665 1532 4722 scena
1574 4663 1993 4741 exagitaverint
2038 4684 2158 4722 non
2206 4648 2576 4721 comicorum
2627 4676 2852 4722 tantum
2900 4662 3231 4740 principum
3277 4663 3415 4723 trias
3461 4667 3725 4748 Eupolis
3751 4712 3775 4739 ‚
3816 4684 4014 4750 acque

911 4767 1207 4826 Cratinus
1236 4813 1261 4839 ,
1320 4767 1916 4849 Aristophanesque
1954 4765 2202 4826 Poetae
2222 4809 2241 4838 ‚
2297 4769 2397 4826 sed
2455 4772 2619 4828 Plato
2666 4771 2840 4828 etiam
2894 4770 3164 4836 Comicus
3200 4811 3219 4838 ‚
3275 4772 3590 4831 Tcleclides
3610 4815 3627 4842 ‚
3683 4775 4014 4848 Dexippus,

903 4872 1062 4932 testis
1109 4882 1195 4930 est
1239 4871 1301 4928 in
1354 4873 1473 4928 vita
1517 4874 1670 4931 illius
1703 4877 2120 4936 Pani-nonus.
2203 4875 2340 4934 Vid.
2382 4878 2538 4934 Ate.
2584 4880 2832 4935 Mane.
2876 4876 3045 4934 'inter
3092 4877 3287 4937 Vitas
3322 4877 3673 4939 Mulierum
3715 4875 4010 4937 Philoso-

886 4975 1177 5058 phorum
1217 4977 1283 5035 in
1322 4977 1457 5035 Vita
1497 4978 1771 5056 Aspasiae
1811 4998 1950 5060 pag.
1994 4977 2165 5050 488„
2213 4982 2415 5042 Bau.
2451 4984 2517 5041 in
2560 5002 2619 5042 v.
2658 4980 2942 5044 Pericles
2987 4951 3144 5042 Nota
3193 5003 3249 5042 r..

3493 5180 3626 5255 13
