5038 5975
984 508 1119 589 sm
1540 486 1549 489 ’
1786 511 2717 587 ιεοτιοΝΕε
2852 515 3688 594 ArrtcAss-

595 714 820 778 ntem
870 707 923 768 1·
982 704 1346 780 miserum
1398 702 1529 779 sed
1589 704 2083 779 innocentem
2140 709 2504 781 maritum
2555 707 3254 804 vehementissima,
3328 737 3414 787 ac
3471 728 3642 787 cota
3687 713 3772 787 t’n
3797 714 4199 814 firmamo
4236 720 4378 819 J'a·

652 795 719 872 5⁶
763 810 859 855 ¹¹⁶
981 850 1209 919 cens,
1264 830 1467 906 inter
1515 828 1659 902 alia
1704 831 1953 928 jurgia
2014 843 2089 903 et
2155 829 2570 930 opprobria
2626 832 3038 909 divortium
3090 839 3458 912 minatur.

1515 1024 1690 1098 Nec
1723 1021 1871 1124 pol
1918 1019 2023 1120 (α)
2072 1045 2212 1122 ego
2254 1027 2572 1125 patiar,
2642 1030 2754 1100 sie
2805 1054 2934 1100 me
2974 1046 3298 1132 nuptam
3344 1048 3516 1104 cam
3560 1031 3827 1124 male;

1514 1145 1902 1245 Measque
1961 1147 2043 1213 in
2109 1145 2342 1220 aedes
2401 1153 2511 1220 sic
2557 1167 2818 1223 scorta
2878 1151 3393 1227 obduccan'er.

1516 1266 1729 1368 Syra
1754 1322 1780 1356 ,
1836 1272 1865 1336 i
1879 1321 1905 1355 ,
1977 1285 2249 1368 rogato
2298 1295 2559 1343 meum
2594 1291 2906 1376 patrem
2955 1274 3192 1349 verbis
3237 1282 3469 1366 meis,

1530 1392 1643 1463 Uc
1686 1393 1969 1462 veniat
2019 1390 2135 1460 ad
2183 1417 2311 1464 me
2344 1398 2530 1491 jam
2582 1397 2821 1505 simul
2863 1414 3139 1471 cecum.

940 1571 1272 1650 'Deinde
1344 1570 1543 1645 idem
1574 1626 1593 1662 ,
1662 1598 1896 1673 quem
1968 1574 2295 1647 diximus
2328 1629 2350 1665 ,
2426 1579 2917 1676 Lysimachus
2986 1595 3295 1653 veretur
3324 1635 3346 1672 ,
3430 1604 3529 1653 ne
3595 1605 3788 1655 uxor
3837 1582 4380 1685 Demiphontis

894 1715 903 1723 ’
982 1696 1277 1771 facinus
1335 1702 1696 1769 resciscat
1732 1696 1890 1794 (3),
1943 1700 2463 1797 maritumque
2517 1697 2703 1774 lor-is
2751 1701 3065 1776 caedat.
3169 1710 3337 1804 Ipse
3387 1720 3643 1779 autem
3694 1707 4082 1808 Demipho
4117 1708 4382 1810 pecca·-

984 1834 1154 1894 mm
1213 1819 1318 1919 (4)
1366 1818 1829 1893 confitetur:

1805 2050 1910 2069 --
2000 2051 2106 2069 —
2199 2011 2495 2086 Fateor
2516 2065 2541 2101 ,
2633 2011 2927 2115 deliqui
2983 2014 3335 2116 profecto
3357 2037 3384 2087 .·

984 2193 1391 2288 Quomodo
1442 2210 1517 2270 et
1564 2209 1740 2269 ante
1790 2198 2131 2295 Dorippa
2184 2199 2349 2269 viro
2404 2220 2545 2269 suo
2605 2195 2893 2268 dixerat
2951 2195 3104 2296 (5):

1801 2422 1905 2443 --
1996 2424 2085 2443 --
2176 2382 2617 2480 Manffesco
2672 2400 2895 2457 oeneo
2917 2409 2951 2472 ,·
3014 2387 3098 2454 in
3148 2384 3406 2459 noxia
3448 2409 3553 2459 es,

974 2578 1184 2671 Quae
1233 2600 1414 2652 vero
1471 2589 1632 2651 erat
1680 2581 1933 2650 noxia
1956 2630 1979 2668 ,
2055 2576 2267 2676 quod
2312 2577 2724 2669 delictum,
2791 2578 2853 2652 si
2907 2594 3207 2679 praeter
3263 2584 3617 2667 unicam,
3692 2603 3923 2679 quam
3972 2603 4051 2653 se
4103 2572 4386 2653 habere

975 2701 1465 2801 perturbatus
1514 2700 1621 2799 (6)
1674 2700 1968 2774 dicebat
2004 2725 2275 2793 senex,
2330 2715 2407 2775 et
2461 2702 2804 2776 alteram
2843 2726 3177 2775 uxorem
3219 2701 3495 2774 ducere
3551 2701 3848 2775 assolita
3903 2727 4021 2779 res
4063 2703 4379 2775 Athenis

981 2816 1241 2898 fuisset
1299 2839 1377 2897 et
1430 2822 1919 2924 pervulgata?

628 3004 934 3068 ‚fnum
1075 2950 1283 3042 Quin
1352 2945 1815 3022 luculentius
1891 2946 2322 3048 exemplum
2364 2948 2409 3040 ,'
2471 2972 2705 3050 quam
2767 2964 2992 3051 turpe
3063 2948 3146 3023 in
3212 2948 3352 3022 ista
3431 2949 3728 3019 civitate
3802 2949 4076 3020 marito
4148 2944 4378 3020 fuerit

552 3103 758 3166 aeque
851 3106 935 3146 ao
976 3086 1273 3174 praeter
1324 3098 1639 3146 uxorem
1697 3095 1871 3142 cum
1923 3070 2065 3143 alia
2118 3072 2311 3143 clam
2360 3098 2846 3145 consuescere
2874 3124 2896 3158 ,
2949 3087 3177 3168 atque
3213 3092 3302 3139 ex
3342 3068 3428 3160 ea
3457 3066 3752 3167 prolem
3797 3071 4247 3169 suscepisse,
4274 3110 4380 3128 —

524 3165 933 3309 32:¹22?
980 3194 1440 3305 luculentius
1473 3248 1494 3284 ,
1568 3196 1885 3293 inquam
1921 3249 1942 3285 ,
2009 3194 2440 3294 exemplum
2512 3192 3097 3265 Tennnruna
3155 3187 3670 3261 Phormionis
3726 3189 4002 3263 Fabula
4068 3197 4383 3291 cogitari

548 3328 837 3390 etot-itas.
978 3321 1248 3420 nequit
1275 3374 1295 3409 ,
1349 3343 1545 3417 quae
1589 3315 1900 3407 Fabula,
1970 3301 2437 3417 quamquam
2487 3319 2568 3388 in
2611 3313 2962 3414 pluribus
3011 3309 3449 3387 Mercator-i
3501 3314 3851 3385 Piautino
3911 3315 4011 3386 sit
4065 3318 4329 3392 similis
4356 3373 4377 3409 ,

978 3443 1073 3517 ad
1146 3466 1307 3515 rem
1366 3455 1621 3512 tamen
1686 3456 2023 3513 nostram
2088 3441 2318 3513 nimis
2388 3438 2571 3513 facit
2602 3494 2623 3529 ,
2709 3463 2941 3538 quam
3009 3449 3098 3509 ut
3155 3435 3360 3507 illam
3434 3436 3738 3509 silentio
3793 3453 4374 3536 praetereamus,

679 3586 687 3593 ·
916 3639 927 3646 ,
983 3566 1389 3655 Chremes,
1456 3564 1650 3637 clam
1711 3585 1943 3637 uxore
1992 3564 2498 3654 Nausistrata,
2568 3565 2647 3635 in
2699 3565 2993 3636 Lemno
3043 3560 3351 3634 alteram
3410 3558 3769 3650 duxerat3
3852 3575 4126 3658 atque,
4192 3561 4377 3632 dum

984 3692 1201 3790 prior
1272 3686 1584 3762 Athenis
1650 3688 2017 3763 dormiret
2058 3739 2079 3779 ,
2164 3711 2254 3761 ex
2309 3687 2541 3760 altera
2604 3687 2742 3761 ista
2813 3686 3052 3760 filiam
3108 3687 3264 3781 jam
3332 3708 3567 3756 unam
3641 3699 4092 3783 susceperat,
4177 3688 4378 3795 ‘Rem

986 3815 1490 3887 Nausistratae
1552 3815 1794 3913 aperit
1841 3814 2224 3910 ‘parasitus
2284 3811 2645 3882 Phormio
2706 3807 2867 3901 (7):
2951 3803 3156 3897 Quid
3225 3804 3369 3880 fit?
3442 3812 3657 3880 Anne
3733 3805 3873 3879 sibi
3937 3804 4014 3877 id
4089 3805 4381 3878 licitum

991 3933 1345 4009 adfirmat
1404 3931 1812 4004 Chremes?
1863 3930 2059 3999 nihil
2126 3953 2168 3997 a
2221 3951 2299 3996 se
2344 3930 2830 4002 commissum
2864 3982 2885 4018 ,
2940 3926 3150 4026 quod
3190 3927 3634 4004 indecorum
3682 3931 3779 4003 sit
3833 3931 4199 4029 cuipiam,
4256 3945 4388 4003 aut

988 4062 1073 4130 in
1131 4057 1430 4127 civitate
1483 4051 1959 4136 inauditum3
2013 4046 2121 4121 fas
2178 4070 2332 4120 esse
2380 4041 2567 4122 duas
2617 4047 2935 4124 Athenis
2981 4051 3257 4127 habere
3306 4078 3618 4144 uxores»,
3689 4054 3935 4127 multo
4011 4058 4247 4153 magis
4307 4057 4388 4127 in

990 4181 1285 4247 Lemno
1349 4177 1825 4271 peregrinam
1879 4171 2195 4264 ducere,
2250 4197 2424 4246 cum
2479 4197 2632 4273 qua
2673 4174 2936 4249 viduas
2991 4175 3145 4248 illic
3197 4176 3608 4277 longasque
3671 4177 4391 4276 noctes‘transigat?

996 4298 1317 4372 Minime
1342 4292 1368 4366 .!
1429 4332 1522 4350 -
1595 4300 1988 4392 Tanquam
2042 4298 2103 4371 si
2150 4296 2392 4373 scelus
2437 4299 2930 4373 commisisset
2962 4351 2982 4389 ,
3034 4313 3168 4372 aut
3220 4302 3508 4374 Cereris
3553 4299 3924 4401 vulgasset
3964 4326 4170 4376 sacra
4200 4353 4222 4391 ,
4279 4314 4393 4370 to·-

1950 4452 1995 4498 ι

1008 4633 1015 4642 ,
1072 4576 1161 4657 (a)
1201 4579 1332 4636 Act.
1377 4577 1478 4643 lv,
1517 4577 1613 4635 Sc.
1645 4585 1703 4647 4.
1745 4553 1938 4649 vsa.

1076 4682 1163 4763 (3)
1203 4687 1334 4742 Act.
1361 4661 1437 4739 v'.
1483 4684 1576 4742 sc.
1623 4690 1679 4752 ι..
1717 4703 1778 4740 v.
1826 4684 1926 4753 43·

1074 4787 1163 4866 (4)
1206 4787 1357 4874 [jaid.
1395 4806 1456 4850 v.
1493 4803 1589 4844 υ.

1060 4894 1156 4975 (5)
1197 4895 1326 4951 Act.
1371 4895 1474 4951 IV.
1516 4892 1628 4951 fic.
1667 4891 1724 4950 3.
1771 4911 1828 4952 v.
1866 4892 1966 4951 30.

1076 4998 1162 5078 (6)
1203 5000 1293 5057 Ib.
1340 4999 1434 5056 Sc.
1473 5006 1529 5068 4.
1573 5021 1632 5057 v.
1676 4998 1774 5057 28.

1076 5101 1164 5183 (7)
1203 5107 1335 5164 Att-
1379 5106 1453 5172 V.
1496 5107 1589 5166 Sc.
1631 5107 1690 5166 8.
1722 5125 1782 5164 v.
1820 5099 1914 5164 15.
1951 5119 2113 5180 seqq.
